2021-01-22 21:47:37.015469,1250.61,0.054,1251.1,0.5
2021-01-22 21:47:47.250726,1249.69,0.10435,1250.68,6.22363
2021-01-22 21:47:57.502745,1249.82,0.88726,1250.61,0.4314
2021-01-22 21:48:07.865029,1251.74,2.09711,1252.9,0.5
2021-01-22 21:48:18.081143,1250.54,1.59849,1251.96,6.43241
2021-01-22 21:48:28.269494,1249.83,4.03423,1250.9,1.59968
2021-01-22 21:48:38.458598,1249.82,0.88726,1250.55,4.03507
2021-01-22 21:48:48.609407,1249.15,0.038,1249.75,1.60111
2021-01-22 21:48:58.77543,1249.56,1.60016,1250.42,0.5
2021-01-22 21:49:08.983954,1247.46,4.04172,1248.57,6.79102
2021-01-22 21:49:19.17215,1243.65,5.53646,1244,2.65129
2021-01-22 21:49:29.383674,1245.01,0.94626,1246.16,0.5
2021-01-22 21:49:39.570511,1245.07,4.05014,1246.51,6.60427
2021-01-22 21:49:49.767337,1245.2,3.88474,1246.36,1.60579
2021-01-22 21:49:59.959566,1245.67,4.04799,1246.68,4.54751
2021-01-22 21:50:10.121745,1245.2,4.04904,1246.04,4.04975
2021-01-22 21:50:20.320027,1243.9,1.53655,1244.8,4.05409
2021-01-22 21:50:30.508804,1241.38,4.06128,1243.13,0.68945
2021-01-22 21:50:40.700541,1241.98,0.73113,1243.13,6.56359
2021-01-22 21:50:50.863712,1242.04,1.60987,1243.3,0.15588
2021-01-22 21:51:01.093702,1241.98,0.73113,1242.91,6.71619
2021-01-22 21:51:11.289711,1242.41,4.05855,1243.3,0.999
2021-01-22 21:51:21.596514,1242.83,1.60847,1244.34,6.65249
2021-01-22 21:51:31.775496,1242.69,1.3,1244.2,8.4319
2021-01-22 21:51:41.971067,1243.28,12.40492,1244.01,0.783
2021-01-22 21:51:52.192358,1243.28,12.90492,1244,4.04214
2021-01-22 21:52:02.374984,1242.65,1.60935,1243.43,6.20464
2021-01-22 21:52:12.545435,1241.28,0.90302,1242.24,0.97949
2021-01-22 21:52:22.70052,1241.86,1.60961,1243.22,0.97259
2021-01-22 21:52:32.906812,1242.26,1.61463,1243.17,1.60964
2021-01-22 21:52:43.092645,1243.06,0.43919,1243.64,3.97219
2021-01-22 21:52:53.373746,1243.63,4.03917,1244.9,3.34403
2021-01-22 21:53:03.569857,1244.38,5,1244.89,4.03968
2021-01-22 21:53:13.75224,1243.76,1.60731,1244.59,4.04011
2021-01-22 21:53:23.960083,1242.27,4.54329,1243.51,7.68295
2021-01-22 21:53:34.168168,1242.28,4.04482,1243.48,4.53484
2021-01-22 21:53:44.378342,1242.27,4.54478,1243.21,4.0442
2021-01-22 21:53:54.573096,1242.27,4.04479,1242.75,1.60951
2021-01-22 21:54:04.722253,1243.33,2.10787,1244.41,1.60785
2021-01-22 21:54:14.868713,1243.92,4.03889,1245,6.65125
2021-01-22 21:54:25.191284,1243.23,0.46071,1244.12,2.10822
2021-01-22 21:54:35.49998,1243.78,1.60723,1244.72,4.03939
2021-01-22 21:54:46.398094,1244.05,6.09255,1244.79,4.03841
2021-01-22 21:54:56.794521,1244.15,6.2884,1245,6.65125
2021-01-22 21:55:06.997453,1243.2,4.0416,1243.84,4.04168
2021-01-22 21:55:17.183615,1243.08,4.04223,1244.36,6.78502
2021-01-22 21:55:27.463185,1243.08,4.54223,1243.81,4.04172
2021-01-22 21:55:37.689228,1242.98,4.04214,1243.76,4.04212
2021-01-22 21:55:47.856697,1242.91,4.54257,1243,2.10688
2021-01-22 21:55:58.541914,1242.64,1.60905,1243.78,1.6087
2021-01-22 21:56:08.747353,1243.51,1.60791,1244.66,4.0408
2021-01-22 21:56:18.947576,1243.77,4.03999,1244.66,4.5408
2021-01-22 21:56:29.157118,1243,3,1243.71,1.60978
2021-01-22 21:56:40.391725,1243.68,1.00739,1244.69,4.54107
2021-01-22 21:56:50.838737,1243.66,1.10047,1244.69,4.04107
2021-01-22 21:57:01.08824,1243.67,3.3293,1244.69,4.04107
2021-01-22 21:57:11.27735,1246.32,1.60355,1247.66,0.88021
2021-01-22 21:57:21.461315,1247.78,1.2,1248.97,0.52
2021-01-22 21:57:31.62538,1247.85,4.56418,1248.96,4.56492
2021-01-22 21:57:44.482954,1247.77,1,1248.38,4.15363
2021-01-22 21:57:57.848317,1247,3,1247.77,2.10375
2021-01-22 21:58:08.333543,1247.67,3.88355,1248.97,0.02
2021-01-22 21:58:18.632296,1247.02,1.60312,1248.23,1.6029
2021-01-22 21:58:28.838791,1247,3,1247.33,1.60426
2021-01-22 21:58:39.282089,1247,2.95183,1247.32,4.22364
2021-01-22 21:58:49.40714,1246.33,2.59047,1247.07,4.15828
2021-01-22 21:58:59.810175,1245.14,2.44277,1246.33,1.6052
2021-01-22 21:59:10.284298,1243.67,4.16548,1244.84,2.10741
2021-01-22 21:59:20.476813,1243.67,4.16548,1244.83,4.16653
2021-01-22 21:59:30.670676,1244.38,4.16466,1245.27,4.66433
2021-01-22 21:59:40.847709,1244.37,0.93742,1245.34,2.10651
2021-01-22 21:59:51.025151,1244.03,4.16482,1244.88,4.1648
2021-01-22 22:00:01.452289,1244.03,4.16482,1244.88,4.1655
2021-01-22 22:00:11.838628,1244.03,4.16482,1245.08,4.16469
2021-01-22 22:00:22.025961,1246.53,1.2664,1248.37,0.24031
2021-01-22 22:00:32.146661,1247.13,4.15493,1248.82,1.60287
2021-01-22 22:00:42.32595,1245.86,3.2158,1247.17,0.9874
2021-01-22 22:00:52.516194,1246.23,4.15842,1247.17,1.45528
2021-01-22 22:01:02.730712,1246.68,4.65512,1248.01,4.6565
2021-01-22 22:01:13.12878,1244.67,0.63272,1246.88,1.60477
2021-01-22 22:01:23.707712,1245.27,1.41645,1246.15,4.16165
2021-01-22 22:01:33.887528,1245.28,0.5,1246.15,4.66165
2021-01-22 22:01:44.067661,1244.69,4.66156,1246.02,2.10588
2021-01-22 22:01:54.24217,1244.72,1.2,1245.84,4.14661
2021-01-22 22:02:04.422979,1245.09,1.60588,1245.92,4.14643
2021-01-22 22:02:14.658216,1245.21,1.60571,1245.72,4.14733
2021-01-22 22:02:24.789795,1244.99,4.14702,1245.63,4.14701
2021-01-22 22:02:34.963142,1244.81,4.1471,1245.45,4.14727
2021-01-22 22:02:45.604968,1244.95,1.60589,1245.64,4.14723
2021-01-22 22:02:55.796633,1244.75,4.14745,1245.45,4.14723
2021-01-22 22:03:06.0193,1244.93,4.647,1245.66,0.90063
2021-01-22 22:03:16.24688,1244.93,4.647,1245.65,4.14659
2021-01-22 22:03:26.55442,1244.72,4.14748,1245.6,4.14736
2021-01-22 22:03:36.7574,1244.8,4.1468,1245.61,1.60614
2021-01-22 22:03:46.965982,1245,4.64676,1245.61,1.60614
2021-01-22 22:03:57.162228,1245.04,4.14599,1245.66,3.38063
2021-01-22 22:04:07.344576,1245.04,5.75186,1245.66,2.82295
2021-01-22 22:04:17.521888,1245.04,5.7784,1245.66,2.82295
2021-01-22 22:04:28.740136,1245.53,1.2,1246.81,1.60488
2021-01-22 22:04:38.945139,1246.73,4.13977,1247.79,1.6038
2021-01-22 22:04:49.13724,1245.81,4.14248,1246.94,2.10466
2021-01-22 22:04:59.65738,1246.21,1.2,1247.34,4.642
2021-01-22 22:05:10.001178,1245.81,1.7,1247,2.10463
2021-01-22 22:05:20.637277,1246.3,1.7,1247.05,1.60437
2021-01-22 22:05:31.093811,1246.68,4.14138,1247.34,2.39409
2021-01-22 22:05:41.276746,1246.83,1.60355,1247.24,20.00715
2021-01-22 22:05:51.467833,1247.04,1.60318,1247.24,20.00715
2021-01-22 22:06:01.750711,1246.9,4.1406,1247.67,4.1404
2021-01-22 22:06:11.958545,1247.05,4.1402,1247.78,4.13975
2021-01-22 22:06:22.142982,1247.73,1.2,1248.49,4.13768
2021-01-22 22:06:32.3153,1248.09,1.2,1248.97,0.02
2021-01-22 22:06:42.718226,1248.18,4.13598,1248.78,4.13623
2021-01-22 22:06:52.962338,1247.79,0.62965,1248.59,2.10226
2021-01-22 22:07:03.617534,1247.79,0.88099,1247.97,4.15542
2021-01-22 22:07:14.012594,1247.79,0.88099,1248,20.00715
2021-01-22 22:07:25.088773,1247.8,1.60254,1248,19.99041
2021-01-22 22:07:35.264449,1247.81,4.15404,1248,19.42121
2021-01-22 22:07:45.437808,1247.91,4.15363,1248,4.51451
2021-01-22 22:07:55.665927,1248.24,4.15249,1248.86,4.1528
2021-01-22 22:08:05.937788,1248.42,1.60164,1248.96,4.15276
2021-01-22 22:08:16.127523,1248.25,4.15232,1248.96,4.15234
2021-01-22 22:08:26.299971,1248.29,4.1517,1248.97,0.02
2021-01-22 22:08:36.724362,1248.97,0.2311,1249.15,0.038
2021-01-22 22:08:47.413186,1249.2,4.14941,1249.9,4.15078
2021-01-22 22:08:57.589402,1249.9,0.23093,1250.37,4.14823
2021-01-22 22:09:07.782113,1249.9,0.73093,1250.81,0.73984
2021-01-22 22:09:17.973192,1250.37,0.23084,1250.82,2.79857
2021-01-22 22:09:28.403211,1250.75,0.28822,1251,0.01
2021-01-22 22:09:38.592479,1251,1.81906,1251.35,4.14582
2021-01-22 22:09:48.733951,1251,0.22072,1251.57,4.14402
2021-01-22 22:09:58.906259,1251.51,1.59768,1252.02,4.14329
2021-01-22 22:10:09.02743,1252.02,0.23637,1252.51,3.99411
2021-01-22 22:10:19.212694,1250.82,0.2,1251.34,1.5989
2021-01-22 22:10:29.40852,1250.82,0.2,1251.33,4.14484
2021-01-22 22:10:39.59881,1250.75,0.28822,1251.33,3.18057
2021-01-22 22:10:50.151865,1250.75,0.28822,1251.28,4.14516
2021-01-22 22:11:00.37476,1250.79,1.59863,1251.25,4.145
2021-01-22 22:11:10.616446,1250.79,2.09863,1251.25,4.145
2021-01-22 22:11:20.912583,1251.13,1.59822,1251.64,4.14425
2021-01-22 22:11:31.120304,1251.13,2.09822,1251.87,3.71056
2021-01-22 22:11:41.344039,1251.16,4.14283,1251.87,3.71056
2021-01-22 22:11:52.15084,1251.41,2.09773,1252.08,4.14237
2021-01-22 22:12:02.395855,1251.44,4.14192,1252,3.70887
2021-01-22 22:12:12.649715,1251.65,1.59742,1252,3.70887
2021-01-22 22:12:23.54672,1251.66,4.14081,1252,3.70887
2021-01-22 22:12:33.720597,1252,1.09519,1252.54,0.038
2021-01-22 22:12:43.925868,1252.67,1.59611,1253.1,1.8039
2021-01-22 22:12:54.222377,1252.67,2.09611,1253.35,4.13789
2021-01-22 22:13:04.43188,1251.95,4.1391,1252.57,1.59703
2021-01-22 22:13:15.114478,1251.87,0.09,1252.55,4.10682
2021-01-22 22:13:25.315068,1251.87,0.09,1252.53,4.60709
2021-01-22 22:13:35.513952,1251.87,0.09,1252.34,1.5974
2021-01-22 22:13:46.115539,1251.87,0.09,1252.34,1.5974
2021-01-22 22:13:56.43856,1251.25,4.10859,1252.33,7.65372
2021-01-22 22:14:07.140971,1250.02,4.11208,1250.95,1.59931
2021-01-22 22:14:17.353518,1249.82,4.11288,1250.92,4.11296
2021-01-22 22:14:27.541404,1249.82,4.11288,1250.37,2.08648
2021-01-22 22:14:37.83167,1249.52,4.11379,1250.19,1.60015
2021-01-22 22:14:48.095163,1249.15,0.038,1249.7,4.11593
2021-01-22 22:14:58.302723,1249.28,4.1145,1249.96,0.5
2021-01-22 22:15:08.519783,1249.28,4.1145,1249.95,1.60042
2021-01-22 22:15:18.835515,1249.28,4.1145,1249.96,0.5
2021-01-22 22:15:29.047673,1249.75,4.11178,1250,10.43324
2021-01-22 22:15:39.322365,1249.75,4.11178,1250,2.52507
2021-01-22 22:15:49.505208,1249.75,4.11178,1250,2.52507
2021-01-22 22:15:59.684797,1250.21,1.10823,1250.88,1.59935
2021-01-22 22:16:09.916996,1250.22,4.61178,1251.4,4.11101
2021-01-22 22:16:20.102746,1250.94,1.14168,1251.77,4.10966
2021-01-22 22:16:30.284397,1251.6,4.10748,1252.25,4.10782
2021-01-22 22:16:40.47203,1251.63,1.2,1252.62,4.1069
2021-01-22 22:16:50.651919,1252.11,1.59697,1252.62,4.1069
2021-01-22 22:17:00.845577,1252.3,1.59685,1252.85,4.10604
2021-01-22 22:17:11.049798,1251.91,1.59739,1252.85,5.70313
2021-01-22 22:17:21.26597,1251.47,4.10802,1252.24,4.10805
2021-01-22 22:17:31.463459,1251.47,4.10802,1252.24,5.70586
2021-01-22 22:17:41.682254,1251.66,4.12342,1252.23,4.12332
2021-01-22 22:17:51.887188,1251.49,4.12367,1252.23,4.62332
2021-01-22 22:18:02.267268,1251.49,4.12367,1252.04,4.12393
2021-01-22 22:18:12.534466,1251.49,4.12367,1252.23,4.12388
2021-01-22 22:18:22.830152,1251.92,1.59696,1252.48,4.54824
2021-01-22 22:18:33.057557,1252.44,1.59617,1253.1,0.025
2021-01-22 22:18:43.289981,1252.7,1.59583,1253.1,0.025
2021-01-22 22:18:53.506118,1253.01,3.11906,1253.96,4.11935
2021-01-22 22:19:03.674606,1253.24,4.11822,1253.96,4.11935
2021-01-22 22:19:13.893802,1253.7,1.59467,1254.18,4.11743
2021-01-22 22:19:24.581295,1253.99,1.28531,1254.84,4.11596
2021-01-22 22:19:35.139485,1254.57,1.59395,1254.84,4.11596
2021-01-22 22:19:45.308987,1255.11,1.59339,1255.65,4.11318
2021-01-22 22:19:55.488106,1255.39,4.11111,1255.93,0.038
2021-01-22 22:20:05.884801,1255.63,1.59257,1255.93,0.038
2021-01-22 22:20:16.076393,1255.64,4.61018,1256.62,2.51036
2021-01-22 22:20:26.321293,1256.14,4.10803,1256.95,4.10901
2021-01-22 22:20:37.052489,1256.66,4.10703,1257.23,4.10692
2021-01-22 22:20:47.256129,1256.89,4.60601,1257.79,4.10578
2021-01-22 22:20:57.432805,1256.89,4.60601,1257.79,4.10578
2021-01-22 22:21:07.59769,1256.9,4.10564,1257.79,4.10588
2021-01-22 22:21:17.866734,1256.26,4.10792,1257.46,4.10731
2021-01-22 22:21:28.058553,1255.46,4.10982,1256.44,4.10986
2021-01-22 22:21:38.359399,1255.77,4.6088,1256.81,4.10894
2021-01-22 22:21:48.527739,1256.24,4.10826,1257.06,4.10816
2021-01-22 22:21:58.717421,1256.45,1.59152,1257.06,4.10816
2021-01-22 22:22:08.891337,1256.24,1.59189,1257.49,4.1086
2021-01-22 22:22:19.058919,1255.79,3.60927,1256.54,4.10927
2021-01-22 22:22:29.270104,1255.79,3.60927,1256.54,4.10954
2021-01-22 22:22:39.498336,1255.95,1.59218,1256.54,4.60954
2021-01-22 22:22:49.68629,1255.96,4.14683,1256.54,0.5
2021-01-22 22:22:59.873167,1255.96,4.17235,1256.54,0.27876
2021-01-22 22:23:10.180376,1255.96,4.14683,1256.74,1.59201
2021-01-22 22:23:20.305151,1255.96,4.14683,1256.9,4.14588
2021-01-22 22:23:30.640628,1257.1,4.14196,1257.88,0.26899
2021-01-22 22:23:40.860825,1257.1,4.64196,1257.88,0.26899
2021-01-22 22:23:51.081965,1257.1,6.23241,1257.88,0.26899
2021-01-22 22:24:01.293884,1257.1,6.23241,1257.88,0.26899
2021-01-22 22:24:12.202046,1256.9,4.64303,1257.73,4.1432
2021-01-22 22:24:22.419084,1256.52,4.14386,1257.08,4.14481
2021-01-22 22:24:32.662692,1256.19,4.14496,1256.6,1.59213
2021-01-22 22:24:42.862993,1255.81,4.14597,1256.6,1.59213
2021-01-22 22:24:53.069319,1255.81,4.14597,1256.6,1.59213
2021-01-22 22:25:03.241709,1256.14,4.14584,1256.56,1.59205
2021-01-22 22:25:13.470026,1255.96,4.14605,1256.56,1.59205
2021-01-22 22:25:23.672493,1255.73,0.04974,1256.38,2.09241
2021-01-22 22:25:33.877775,1255.73,0.04974,1256.22,1.5926
2021-01-22 22:25:44.068727,1255.73,0.04974,1256.05,1.5928
2021-01-22 22:25:54.268896,1254.75,4.14999,1255.55,4.14998
2021-01-22 22:26:04.444953,1253.48,4.15446,1254.39,4.15407
2021-01-22 22:26:14.576558,1253.48,4.15446,1254.39,3.8574
2021-01-22 22:26:24.75327,1253.48,4.65446,1254.38,4.15384
2021-01-22 22:26:34.938288,1253.86,4.90748,1254.39,79.37997
2021-01-22 22:26:45.110602,1254.1,4.15257,1254.39,78.61657
2021-01-22 22:26:55.703269,1254.1,4.15257,1254.39,65.5069
2021-01-22 22:27:05.888515,1254.12,4.15055,1254.39,57.23532
2021-01-22 22:27:16.219198,1254.01,4.08887,1254.39,45.98765
2021-01-22 22:27:26.411221,1255.17,0.85159,1255.52,2.60354
2021-01-22 22:27:36.587739,1255.76,4.08591,1256.45,0.23877
2021-01-22 22:27:46.769891,1256.1,1.59176,1256.87,4.58638
2021-01-22 22:27:56.953049,1255.55,4.08594,1256.53,4.10358
2021-01-22 22:28:07.093749,1255.79,1.5923,1256.39,4.10374
2021-01-22 22:28:17.271565,1255.55,4.08594,1256.39,4.60374
2021-01-22 22:28:27.625933,1254.93,1.59323,1255.73,0.2389
2021-01-22 22:28:37.862375,1254.7,1.59353,1255.53,2.09359
2021-01-22 22:28:48.027391,1254.61,1.98953,1255.51,1.2
2021-01-22 22:28:58.207193,1254.61,1.98953,1255.07,4.07221
2021-01-22 22:29:08.379277,1254.4,4.07252,1255.07,4.57221
2021-01-22 22:29:18.549407,1254.61,4.07192,1255.27,4.07157
2021-01-22 22:29:28.722421,1254.61,4.07192,1255.49,4.07151
2021-01-22 22:29:38.942478,1254.61,4.57192,1255.49,3.57151
2021-01-22 22:29:49.124282,1255.49,0.24331,1255.84,4.57029
2021-01-22 22:29:59.304821,1255.49,0.24331,1255.84,4.57029
2021-01-22 22:30:10.311315,1254.73,4.07151,1255.36,4.07147
2021-01-22 22:30:20.489424,1254.68,4.07165,1255.36,4.57147
2021-01-22 22:30:30.763339,1254.65,1.29108,1255.36,4.57147
2021-01-22 22:30:41.544753,1254.39,0.12969,1254.94,4.0727
2021-01-22 22:30:51.685703,1253.81,4.07376,1254.38,1.59491
2021-01-22 22:31:01.891288,1253.78,0.3772,1254,2.94705
2021-01-22 22:31:12.06371,1253.84,4.07408,1254,2.94705
2021-01-22 22:31:22.27531,1253.88,4.07371,1254,2.94705
2021-01-22 22:31:32.658715,1253.88,4.07371,1254,2.94705
2021-01-22 22:31:42.915483,1253.92,4.07368,1254,2.94705
2021-01-22 22:31:53.111362,1254.1,4.07348,1254.75,4.07319
2021-01-22 22:32:03.583646,1254.6,4.07143,1255.23,0.5
2021-01-22 22:32:13.789044,1254.97,4.07007,1255.24,0.015
2021-01-22 22:32:24.007758,1255.58,4.06747,1256.2,0.09257
2021-01-22 22:32:34.216012,1255.9,4.06759,1256.2,0.09257
2021-01-22 22:32:44.548365,1255.9,4.56759,1256.87,4.5674
2021-01-22 22:32:54.762209,1256.16,4.06633,1256.67,1.59191
2021-01-22 22:33:05.42455,1255.95,4.05078,1256.66,4.05083
2021-01-22 22:33:15.632421,1254.67,4.0552,1255.25,4.05537
2021-01-22 22:33:25.834527,1253.34,4.0578,1254.25,1.2
2021-01-22 22:33:36.036782,1252.54,0.038,1253,1.2
2021-01-22 22:33:46.229218,1250.64,4.06704,1251.62,5.26748
2021-01-22 22:33:56.439155,1249.89,4.56868,1251.17,4.56881
2021-01-22 22:34:06.627014,1250,4.06904,1251.17,4.56881
2021-01-22 22:34:16.820125,1250.21,4.06886,1251.17,4.06881
2021-01-22 22:34:26.942541,1250.88,4.06613,1252.01,4.56624
2021-01-22 22:34:37.126175,1251.46,4.06568,1251.95,0.5
2021-01-22 22:34:47.355256,1250.24,1.59912,1250.97,1.59924
2021-01-22 22:34:57.521693,1249.99,1.59935,1250.97,2.0993
2021-01-22 22:35:07.676531,1249.15,0.038,1250.44,1.59999
2021-01-22 22:35:17.848005,1247.45,4.0773,1248.22,1.60295
2021-01-22 22:35:28.067939,1246.91,5,1247.65,1.54224
2021-01-22 22:35:38.34283,1247.47,4.07662,1248.9,0.98962
2021-01-22 22:35:48.573857,1247.67,4.07724,1248.55,4.07752
2021-01-22 22:35:58.786492,1247.67,4.07724,1248.31,1.60261
2021-01-22 22:36:08.964158,1247.3,4.07834,1248.03,1.60288
2021-01-22 22:36:19.135779,1246.9,4.07974,1247.5,1.60357
2021-01-22 22:36:29.345258,1246.9,4.07974,1247.74,2.10321
2021-01-22 22:36:39.472112,1246.57,1.60356,1247.37,2.10384
2021-01-22 22:36:50.060582,1246.52,1.60361,1247.39,2.10376
2021-01-22 22:37:00.236334,1246.94,4.07984,1247.39,0.5
2021-01-22 22:37:10.410189,1248.86,1.60044,1250.84,6.31561
2021-01-22 22:37:20.61378,1250.37,4.0679,1251.71,4.56793
2021-01-22 22:37:30.786452,1248.16,0.02201,1249.52,1.2
2021-01-22 22:37:40.971632,1246.67,1.85212,1248.07,1.35564
2021-01-22 22:37:51.15621,1247.77,4.07543,1248.94,0.5
2021-01-22 22:38:01.324794,1248.17,4.07559,1248.98,0.8281
2021-01-22 22:38:11.502443,1249.67,1.59944,1250.53,0.5
2021-01-22 22:38:21.693114,1250.92,1.59776,1251.72,1.28151
2021-01-22 22:38:31.865072,1250.52,4.05,1251.65,4.04971
2021-01-22 22:38:42.052034,1249.88,4.0518,1250.62,0.5
2021-01-22 22:38:52.21722,1249.6,4.05281,1250.6,5.25291
2021-01-22 22:39:02.462961,1248.59,4.05619,1249.4,0.5
2021-01-22 22:39:12.6304,1248.68,4.55538,1249.73,2.10104
2021-01-22 22:39:23.148425,1248.68,4.05538,1249.72,4.05572
2021-01-22 22:39:33.338772,1248.89,4.05585,1249.72,4.55572
2021-01-22 22:39:43.514616,1248.68,4.05625,1249.37,2.10108
2021-01-22 22:39:53.641576,1248.85,4.07697,1249.56,2.10084
2021-01-22 22:40:04.399175,1249.2,4.05492,1249.75,1.60053
2021-01-22 22:40:14.584191,1250.07,4.05152,1250.4,2.07173
2021-01-22 22:40:24.804896,1250.12,1.2,1250.4,2.07173
2021-01-22 22:40:36.018487,1250.33,4.0514,1250.8,1.59926
2021-01-22 22:40:46.196976,1249.94,4.05215,1250.51,1.59955
2021-01-22 22:40:56.373473,1250.4,1.40883,1250.68,1.59935
2021-01-22 22:41:06.786002,1250.96,1.2,1251.71,7.33694
2021-01-22 22:41:16.962697,1251.24,4.04876,1251.71,7.33694
2021-01-22 22:41:27.135587,1251.47,4.04829,1251.71,7.33694
2021-01-22 22:41:37.461538,1253.36,4.04039,1254.23,10
2021-01-22 22:41:47.62303,1251.58,4.54479,1252.82,2.09693
2021-01-22 22:41:57.834134,1251.58,4.54479,1252.65,1.5971
2021-01-22 22:42:08.033014,1252.74,4.04192,1253.8,2.38047
2021-01-22 22:42:18.229798,1253.27,4.04164,1254.23,10
2021-01-22 22:42:28.426051,1253.31,4.04173,1254.22,4.54173
2021-01-22 22:42:38.594471,1253.51,4.04131,1254.12,4.0414
2021-01-22 22:42:48.801149,1253.35,4.04178,1253.9,1.59525
2021-01-22 22:42:59.449392,1253.29,0.18279,1253.66,1.59563
2021-01-22 22:43:10.09456,1250.87,6.64663,1252.45,1.59763
2021-01-22 22:43:20.508462,1250.4,0.5414,1251.6,0.5
2021-01-22 22:43:30.736679,1250.4,0.5414,1251.08,4.06778
2021-01-22 22:43:40.953792,1249.98,4.06692,1250.4,7.6127
2021-01-22 22:43:51.173514,1249.45,4.06849,1250.31,1.6002
2021-01-22 22:44:01.474357,1249.15,0.038,1249.79,1.60086
2021-01-22 22:44:11.633488,1249.15,0.038,1249.45,3.8407
2021-01-22 22:44:22.343046,1248.25,4.10676,1249.07,1.60184
2021-01-22 22:44:32.562915,1247.88,0.01001,1248.77,4.10804
2021-01-22 22:44:43.64349,1247.88,0.01001,1248.5,4.10882
2021-01-22 22:44:53.865376,1247.42,2.53404,1248.44,10.68137
2021-01-22 22:45:04.060461,1247.42,1.98452,1248.04,4.11007
2021-01-22 22:45:14.256853,1247.15,4.11025,1247.86,4.11062
2021-01-22 22:45:24.434698,1247.15,4.11103,1247.86,4.11062
2021-01-22 22:45:34.627609,1246.59,4.11158,1247.17,1.60369
2021-01-22 22:45:44.817267,1245.76,0.038,1246.24,4.11596
2021-01-22 22:45:55.013179,1245,0.8,1245.43,4.11881
2021-01-22 22:46:05.536924,1245.97,4.11295,1247.17,0.91678
2021-01-22 22:46:15.707242,1246.58,1.60349,1248.25,1.50199
2021-01-22 22:46:25.94045,1245.95,5,1247.34,0.98183
2021-01-22 22:46:36.116674,1245.85,4.11452,1247.07,4.11482
2021-01-22 22:46:46.259404,1245.01,4.11693,1245.69,1.60608
2021-01-22 22:46:56.434086,1245.33,4.11703,1246.09,4.61684
2021-01-22 22:47:06.603856,1245.29,1.6056,1246.08,0.5
2021-01-22 22:47:16.76382,1245,0.8,1245.64,0.16704
2021-01-22 22:47:26.99452,1244,0.15,1244.77,2.10751
2021-01-22 22:47:37.2104,1243.19,0.09653,1243.83,6.48634
2021-01-22 22:47:47.57982,1242.85,0.02,1243.75,6.93636
2021-01-22 22:47:57.854034,1242.85,0.02,1243.69,6.26733
2021-01-22 22:48:08.066147,1244.51,1.60656,1245.43,1.60692
2021-01-22 22:48:18.305815,1244.17,4.12091,1245.38,4.12017
2021-01-22 22:48:28.475674,1244.16,1.60698,1245.31,6.80842
2021-01-22 22:48:38.623984,1244.16,1.60698,1244.87,4.60453
2021-01-22 22:48:48.797295,1243.73,4.10541,1244.53,4.60531
2021-01-22 22:48:59.169693,1244.78,1.60632,1245.39,4.10305
2021-01-22 22:49:09.462397,1244,1.60727,1244.86,0.97445
2021-01-22 22:49:19.636046,1243.5,1.60784,1244.63,2.10767
2021-01-22 22:49:29.814257,1242.85,4.12836,1243.99,6.16128
2021-01-22 22:49:40.005463,1242.01,4.11083,1242.89,4.61102
2021-01-22 22:49:50.158297,1242.12,1.60955,1242.89,4.61102
2021-01-22 22:50:00.353782,1240.42,1.61148,1240.89,1.67942
2021-01-22 22:50:11.10657,1237.95,0.92914,1239.51,1.61496
2021-01-22 22:50:21.334591,1237.96,0.28808,1239.19,0.75562
2021-01-22 22:50:31.515359,1237.96,0.78808,1239.16,4.12398
2021-01-22 22:50:41.796317,1239,4.12091,1239.69,4.62244
2021-01-22 22:50:51.957202,1239.31,1.61346,1240.14,4.62093
2021-01-22 22:51:02.146906,1238.75,4.12163,1239.91,4.12169
2021-01-22 22:51:12.752702,1239.05,4.12054,1239.74,4.11275
2021-01-22 22:51:22.949634,1239.49,1.613,1240.18,4.12039
2021-01-22 22:51:33.559531,1238.96,4.11925,1239.73,4.12069
2021-01-22 22:51:43.732646,1237.76,0.0137,1238.54,1.61583
2021-01-22 22:51:53.939842,1236.96,0.01859,1238.07,6.66794
2021-01-22 22:52:04.126875,1234.17,0.29292,1236.14,6.1626
2021-01-22 22:52:14.361092,1234.7,1.61863,1236.13,4.63554
2021-01-22 22:52:24.614794,1234.51,4.13564,1236.1,14.15246
2021-01-22 22:52:35.824966,1233,0.48661,1233.82,1.24675
2021-01-22 22:52:46.056117,1230.61,0.02,1232.22,4.14972
2021-01-22 22:52:57.100714,1230.03,4.09127,1231.6,4.14991
2021-01-22 22:53:07.309461,1230.15,5,1231.58,4.15043
2021-01-22 22:53:17.595592,1228,10.00604,1229,7.6148
2021-01-22 22:53:27.863618,1227.58,0.51003,1228.66,1.62953
2021-01-22 22:53:38.084972,1224.84,0.09415,1225.98,1.2
2021-01-22 22:53:48.291826,1224.06,1.63209,1225.07,11.62393
2021-01-22 22:53:58.48973,1223.7,0.24515,1225.05,1.63428
2021-01-22 22:54:08.701387,1224.03,0.92591,1225.04,4.15911
2021-01-22 22:54:18.881322,1224.43,1.08291,1225.04,1.03829
2021-01-22 22:54:29.062326,1224.94,18.70922,1225.08,223.84611
2021-01-22 22:54:39.226831,1227.33,1.67956,1228.18,1.63091
2021-01-22 22:54:49.409236,1224.59,5,1226.18,19.68059
2021-01-22 22:54:59.587856,1223.62,5,1225.43,0.5
2021-01-22 22:55:09.775034,1224.12,0.80624,1226,4.15798
2021-01-22 22:55:20.000542,1224.15,5,1225.25,0.24526
2021-01-22 22:55:30.189839,1223,1.43172,1223.92,4.15711
2021-01-22 22:55:40.383182,1222.26,4.1606,1223.31,4.16015
2021-01-22 22:55:50.583659,1224.83,5,1227.36,3.92609
2021-01-22 22:56:00.771433,1227.71,1.62708,1228.81,0.038
2021-01-22 22:56:10.990036,1227.34,5,1228.81,0.038
2021-01-22 22:56:21.219824,1225.63,2.78376,1228.44,1.62986
2021-01-22 22:56:31.416094,1227.66,1.07052,1228.52,4.64491
2021-01-22 22:56:41.579625,1226.84,4.14368,1227.89,1.71805
2021-01-22 22:56:51.747972,1226.83,0.93711,1227.89,1.71805
2021-01-22 22:57:01.927153,1227.3,1.62868,1227.89,1.71805
2021-01-22 22:57:12.149832,1226.26,0.91588,1227.2,4.14639
2021-01-22 22:57:22.468143,1225.74,0.01814,1226.81,4.14829
2021-01-22 22:57:32.903075,1225.74,0.01814,1226.81,4.64829
2021-01-22 22:57:43.122004,1225.74,0.01814,1226.06,4.15103
2021-01-22 22:57:53.469784,1224.95,1.63188,1225.55,4.15283
2021-01-22 22:58:03.68231,1224.9,1.63212,1225.55,4.15283
2021-01-22 22:58:13.889668,1227.32,1.08861,1227.89,1.71805
2021-01-22 22:58:24.099569,1227.32,1.57861,1227.89,1.22335
2021-01-22 22:58:34.801026,1227.32,1.07861,1228.8,2.39959
2021-01-22 22:58:45.006546,1227.33,4.12652,1228.8,13.03499
2021-01-22 22:58:55.224473,1227.47,1.62852,1228.48,4.1263
2021-01-22 22:59:05.438739,1226.44,0.93549,1227.12,1.63031
2021-01-22 22:59:16.128614,1225.6,1.19896,1226.7,4.13198
2021-01-22 22:59:26.341603,1224.81,2.30061,1225.84,1.63216
2021-01-22 22:59:36.52999,1225.04,0.86009,1226.18,1.63157
2021-01-22 22:59:46.713618,1225,0.95657,1225.62,4.04525
2021-01-22 22:59:57.540704,1225,0.95657,1225.69,0.01048
2021-01-22 23:00:07.72103,1224.48,0.02,1225,267.97338
2021-01-22 23:00:17.896022,1223.28,4.3542,1224.61,4.10864
2021-01-22 23:00:28.075725,1222.44,5,1223.57,0.26367
2021-01-22 23:00:38.286102,1222.57,0.12269,1223.57,0.22317
2021-01-22 23:00:49.113748,1221.5,0.10069,1222.23,4.11776
2021-01-22 23:00:59.256876,1221.42,0.02,1221.98,0.17147
2021-01-22 23:01:10.542187,1221.55,1.08946,1221.98,0.04613
2021-01-22 23:01:20.734394,1220.74,0.24575,1221.54,2.64781
2021-01-22 23:01:30.934097,1220.81,1.63819,1221.54,2.63831
2021-01-22 23:01:41.129248,1220.7,1.06034,1221,1.63969
2021-01-22 23:01:51.458632,1219.69,1.63968,1220.98,1.63978
2021-01-22 23:02:01.659444,1218.79,1.63983,1219,41.96815
2021-01-22 23:02:12.059783,1218.68,0.03603,1218.99,3.56869
2021-01-22 23:02:22.276992,1220.65,0.6298,1220.91,0.16438
2021-01-22 23:02:32.478765,1220.65,0.55083,1221.05,0.05421
2021-01-22 23:02:42.684337,1221.54,1.03009,1221.55,2.40128
2021-01-22 23:05:02.993645,1230.6,1.37576,1230.61,0.02
2021-01-22 23:05:13.167006,1230.33,4.06261,1231.38,1.62494
2021-01-22 23:05:23.346823,1231.31,0.5,1231.71,0.02191
2021-01-22 23:05:33.545512,1232.27,1.36251,1233.3,4.05902
2021-01-22 23:05:43.855485,1231.8,0.88028,1232.6,1.62328
2021-01-22 23:05:54.063204,1232.51,1.61158,1233.16,0.01445
2021-01-22 23:06:04.261508,1232.55,0.5,1233.08,1.6225
2021-01-22 23:06:14.473399,1231.94,2.20936,1232.68,4.05912
2021-01-22 23:06:24.667346,1230,10.83636,1230.55,4.06642
2021-01-22 23:06:35.04412,1230,10.83636,1230.61,1.62608
2021-01-22 23:06:45.23174,1230,11.2172,1230.64,4.56621
2021-01-22 23:06:55.423527,1229.33,0.5,1230.06,4.06705
2021-01-22 23:07:05.619187,1228.27,5,1229.03,1.6278
2021-01-22 23:07:15.815022,1226.83,3.69178,1228.3,2.12894
2021-01-22 23:07:25.9844,1226.82,1.66049,1228.4,1.62925
2021-01-22 23:07:36.174472,1226.85,1.60548,1227.44,3.5
2021-01-22 23:07:46.361297,1226.65,4.07564,1227.44,2.9328
2021-01-22 23:07:57.106136,1227.07,1.13711,1227.44,2.68583
2021-01-22 23:08:07.294219,1227.07,0.38836,1227.44,1.55071
2021-01-22 23:08:17.465607,1228.92,4.06763,1230.56,1.6261
2021-01-22 23:08:27.667453,1229.34,4.06564,1230.55,4.06708
2021-01-22 23:10:47.096838,1233.73,1.2,1234.61,0.94894
2021-01-22 23:10:57.279443,1233.07,2.041,1233.76,1.2
2021-01-22 23:11:08.044518,1230.97,1.06816,1232.37,1.16494
2021-01-22 23:11:18.229167,1231.24,1.2,1232.87,1.54271
2021-01-22 23:11:28.411869,1232.94,1.05252,1233.76,0.10958
2021-01-22 23:11:38.626402,1234.03,0.5,1235.11,0.03085
2021-01-22 23:11:48.808452,1234,15.60321,1234.25,0.12755
2021-01-22 23:11:59.017689,1234,13.30947,1234.62,1.62088
2021-01-22 23:12:09.215229,1231.28,2.3933,1232.52,1.62374
2021-01-22 23:12:19.393687,1230.31,3.83614,1231.65,1.62501
2021-01-22 23:12:29.567867,1229.26,1.16086,1230.76,4.06577
2021-01-22 23:12:39.755363,1231.74,1.62282,1233.01,1.04589
2021-01-22 23:12:49.938991,1231.43,0.9675,1232.66,0.01483
2021-01-22 23:13:00.309793,1230.61,0.02,1231.31,5
2021-01-22 23:13:10.52799,1232.71,1.08196,1234.12,4.05465
2021-01-22 23:13:21.073309,1232.71,1.08196,1234.11,2.12127
2021-01-22 23:13:31.270273,1233.02,1.62084,1234.42,4.05419
2021-01-22 23:13:41.510553,1235.26,0.93288,1235.69,5
2021-01-22 23:13:52.118137,1232.33,0.81789,1233.69,1.03584
2021-01-22 23:14:02.347788,1234.56,0.8652,1235.32,4.33616
2021-01-22 23:14:12.533718,1232.92,2.49848,1234,1.62154
2021-01-22 23:14:22.767463,1232.42,1.60569,1233.59,4.0999
2021-01-22 23:14:32.95324,1232.2,0.038,1232.96,4.10202
2021-01-22 23:14:43.163271,1232.2,0.038,1233.06,1.62265
2021-01-22 23:14:53.358923,1233.05,1.62112,1234.13,2.447
2021-01-22 23:15:03.53835,1232.83,5,1234.54,5
2021-01-22 23:15:13.725341,1232.33,1.08736,1233.39,1.62237
2021-01-22 23:15:23.925655,1232.28,2.55125,1233.67,1.62202
2021-01-22 23:15:34.13974,1231.48,4.0446,1232.73,4.11052
2021-01-22 23:15:44.336761,1231.15,1.62378,1232.19,4.06878
2021-01-22 23:15:54.51554,1230.96,4.06919,1231.16,8.94125
2021-01-22 23:16:04.701154,1231.85,1.12705,1233.15,1.62225
2021-01-22 23:16:14.895642,1232.75,4.06263,1234.2,4.06273
2021-01-22 23:16:25.06151,1233.38,0.02679,1234.39,4.06264
2021-01-22 23:16:35.281255,1233.99,0.97082,1235.42,0.0283
2021-01-22 23:16:45.466002,1234.98,5.5,1236.73,0.02
2021-01-22 23:16:55.646855,1235.57,0.5,1236.73,0.00832
2021-01-22 23:17:05.839665,1236.22,0.95185,1237.69,6.84054
2021-01-22 23:17:16.059601,1235.53,0.96928,1236.34,6.88759
2021-01-22 23:17:26.230381,1235,10.49438,1235.48,1.02734
2021-01-22 23:17:36.396525,1234.01,0.49154,1234.95,1.62035
2021-01-22 23:17:46.591323,1234.01,0.49154,1234.9,6.09555
2021-01-22 23:17:56.775801,1233.28,1.62069,1234.24,0.5
2021-01-22 23:18:06.971074,1234.1,1.61976,1235.01,0.12378
2021-01-22 23:18:17.291201,1234.08,1.14076,1235.36,6.42752
2021-01-22 23:18:27.466882,1232.91,3.00184,1234,6.59193
2021-01-22 23:18:37.667143,1232.92,4.56322,1233.83,4.06367
2021-01-22 23:18:47.853479,1233.12,1.62115,1234.16,6.64152
2021-01-22 23:18:58.041525,1231.9,2.12234,1233.1,1.62257
2021-01-22 23:19:08.220167,1231.37,4.06889,1232.23,0.83806
2021-01-22 23:19:18.411776,1231.37,4.56889,1232.6,1.31679
2021-01-22 23:19:28.590989,1232,4.10561,1232.86,1.62305
2021-01-22 23:19:38.766614,1232.72,1.18465,1233.94,1.62144
2021-01-22 23:19:48.955998,1233.14,1.62114,1234.17,4.60149
2021-01-22 23:19:59.27717,1235.93,0.5,1237.57,4.09069
2021-01-22 23:20:09.521209,1235.29,0.04805,1236.67,1.61852
2021-01-22 23:20:19.667265,1234.54,0.81579,1235.58,0.5
2021-01-22 23:20:29.84847,1232.72,20.17368,1234.02,6.74796
2021-01-22 23:20:39.970135,1232.12,1.06991,1233,0.225
2021-01-22 23:20:50.216595,1232.46,4.10284,1233,0.225
2021-01-22 23:21:00.4093,1231.55,1.62339,1232.54,1.62341
2021-01-22 23:21:10.71567,1232.56,0.85354,1233.22,1.62254
2021-01-22 23:21:20.877049,1231.97,11.22685,1232.72,1.62318
2021-01-22 23:21:31.027336,1231.97,11.22685,1232.46,1.62392
2021-01-22 23:21:41.232039,1231.98,4.10491,1232.94,4.10497
2021-01-22 23:21:51.92998,1233.59,2.12062,1235.02,0.60781
2021-01-22 23:22:02.167262,1234.79,4.09496,1235.55,0.01
2021-01-22 23:22:12.385948,1234.82,6.67414,1236.69,6.57103
2021-01-22 23:22:22.573532,1235.43,1.61812,1236.39,4.09382
2021-01-22 23:22:32.80504,1235.13,6.98597,1236.46,4.0932
2021-01-22 23:22:42.948415,1236.29,1.61701,1236.73,0.02
2021-01-22 23:22:53.121487,1236.18,7.15853,1237.47,2.11709
2021-01-22 23:23:03.599124,1236.59,4.58887,1237.56,1.11883
2021-01-22 23:23:13.769371,1235,1,1236.01,1.2
2021-01-22 23:23:24.091762,1235.81,10.64982,1237.27,0.5
2021-01-22 23:23:34.266012,1235.82,4.08942,1237.78,1.61672
2021-01-22 23:23:44.438675,1236.23,1.35056,1236.87,1.61775
2021-01-22 23:23:54.617431,1235.01,4.0951,1236.5,1.2
2021-01-22 23:24:04.862391,1235.26,4.09285,1236.61,4.09379
2021-01-22 23:24:15.107151,1234.47,4.13524,1235.43,0.5
2021-01-22 23:24:25.296157,1234.47,4.13524,1235.29,0.5
2021-01-22 23:24:35.469536,1235.25,1.6186,1236.13,6.22333
2021-01-22 23:24:45.64942,1235.05,1.2,1236.26,0.99668
2021-01-22 23:24:55.831239,1236.27,0.8042,1237.51,1.61697
2021-01-22 23:25:06.014645,1235.74,2.99444,1236.75,1.61797
2021-01-22 23:25:16.221511,1235.11,4.1327,1236.05,4.63328
2021-01-22 23:25:27.201608,1235.5,1.30894,1236.87,0.5
2021-01-22 23:25:37.381916,1235.92,1.61763,1236.69,4.13119
2021-01-22 23:25:47.552527,1236.21,1.61719,1236.88,1.85071
2021-01-22 23:25:57.742056,1236.22,4.629,1236.88,1.85071
2021-01-22 23:26:07.919038,1235.63,6.62524,1236.65,1.61772
2021-01-22 23:26:18.088082,1236.24,6.12864,1236.88,1.35071
2021-01-22 23:26:28.27881,1240.08,46.20091,1240.09,4.12316
2021-01-22 23:26:38.449888,1238.31,1.10774,1239.84,0.16125
2021-01-22 23:26:48.609206,1239.1,6.34614,1240.09,0.76788
2021-01-22 23:26:58.822442,1239.17,2.11345,1240.29,4.1195
2021-01-22 23:27:09.08532,1238.48,1.44748,1239.68,4.62141
2021-01-22 23:27:19.276763,1238.13,4.12185,1239.29,4.62222
2021-01-22 23:27:29.482445,1238.72,10.17244,1239.3,0.96208
2021-01-22 23:27:39.662574,1238.13,7.32144,1239.17,4.1224
2021-01-22 23:27:49.885552,1238.46,6.69322,1239.57,4.1215
2021-01-22 23:28:00.076463,1238.3,4.12164,1239.32,0.5
2021-01-22 23:28:10.297131,1240.18,0.5,1240.62,0.01079
2021-01-22 23:28:20.534904,1238.24,1.61435,1239.72,1.08863
2021-01-22 23:28:30.736822,1239.36,4.04694,1240.27,2.9612
2021-01-22 23:28:40.945443,1239.03,4.04838,1240.21,2.11346
2021-01-22 23:28:51.151284,1239.19,1.61339,1240.01,0.5
2021-01-22 23:29:01.358392,1238.88,1.61358,1239.39,1.154
2021-01-22 23:29:11.51309,1238.5,1.61423,1239.32,0.92972
2021-01-22 23:29:21.694108,1237.98,4.01509,1238.86,1.6151
2021-01-22 23:29:31.858353,1237.81,3.22839,1238.82,2.41314
2021-01-22 23:29:42.02781,1238.41,11.92952,1239.71,0.62483
2021-01-22 23:29:52.209867,1238.54,1.61398,1240,1.61372
2021-01-22 23:30:02.497922,1238.15,1.61464,1239.19,1.61462
2021-01-22 23:30:13.210618,1238.53,4.0313,1239.22,1.61459
2021-01-22 23:30:23.390957,1238.21,6.44051,1239.47,0.5
2021-01-22 23:30:33.636526,1239.21,4.04747,1240.25,1.61334
2021-01-22 23:30:43.823562,1239.2,1.61339,1240.25,2.6071
2021-01-22 23:30:53.998819,1239.82,1.61244,1240.62,0.01079
2021-01-22 23:31:04.18931,1239.59,1.18744,1240.62,0.01079
2021-01-22 23:31:14.441519,1238.3,1.61461,1239.4,0.97755
2021-01-22 23:31:24.722327,1238.09,4.01532,1238.99,4.51621
2021-01-22 23:31:34.889145,1237.48,1.61558,1238.18,1.64185
2021-01-22 23:31:45.675939,1237.51,4.01799,1238.18,0.5
2021-01-22 23:31:55.845223,1238.53,1.61427,1239.23,0.93182
2021-01-22 23:32:06.050554,1237.67,4.01714,1238.47,0.97877
2021-01-22 23:32:16.294045,1236.95,4.01902,1237.75,1.61666
2021-01-22 23:32:26.466046,1236.56,6.8183,1237.87,1.6166
2021-01-22 23:32:36.686861,1236.21,1.61723,1237.09,1.50973
2021-01-22 23:32:47.265541,1236.83,1.61639,1237.76,1.61657
2021-01-22 23:32:57.471325,1235.98,4.0218,1237.19,1.60217
2021-01-22 23:33:08.251298,1237.07,6.91107,1237.92,2.59808
2021-01-22 23:33:18.41794,1237.33,1.61591,1238.33,1.61591
2021-01-22 23:33:28.625289,1236.8,6.26225,1238.23,1.61599
2021-01-22 23:33:38.820756,1236.85,4.01888,1238.25,1.61587
2021-01-22 23:33:48.955326,1237.52,1.61584,1238.47,0.97877
2021-01-22 23:33:59.12671,1237.55,4.0178,1238.44,1.61579
2021-01-22 23:34:09.299123,1238.57,6.292,1239.23,0.93182
2021-01-22 23:34:19.481966,1238.44,5,1239.5,0.93952
2021-01-22 23:34:29.677831,1239.04,1.61371,1239.5,0.93952
2021-01-22 23:34:39.815879,1238.85,1.61417,1239.5,0.93952
2021-01-22 23:34:49.978671,1237.97,6.19798,1238.76,1.61518
2021-01-22 23:35:00.147912,1237.96,9.18299,1238.75,4.01662
2021-01-22 23:35:11.162886,1238.21,3.9984,1239.15,4.0153
2021-01-22 23:35:21.366221,1240.65,6.48732,1242.09,0.17635
2021-01-22 23:35:31.566167,1241.92,1.60947,1243.82,1.60928
2021-01-22 23:35:41.778443,1240.65,5.10168,1241.45,1.03942
2021-01-22 23:35:51.971816,1241.6,6.89491,1242.77,1.6107
2021-01-22 23:36:02.133978,1241.64,6.74554,1242.64,1.61049
2021-01-22 23:36:12.316286,1239.79,0.02,1240.62,1.0875
2021-01-22 23:36:22.567227,1238.44,11.23689,1239.47,1.14177
2021-01-22 23:36:32.992174,1237.85,1.42012,1239.47,1.14177
2021-01-22 23:36:43.173284,1238.03,1.61462,1238.7,0.90794
2021-01-22 23:36:53.475697,1237.18,0.24249,1238.01,0.92778
2021-01-22 23:37:03.691927,1236.51,4.01937,1238.01,0.92778
2021-01-22 23:37:13.844898,1236.9,1.14182,1237.99,4.02005
2021-01-22 23:37:24.069945,1236.51,0.87959,1237.58,2.11671
2021-01-22 23:37:34.252047,1236.28,7.06724,1237.24,0.86264
2021-01-22 23:37:44.437479,1236.31,4.02118,1237.17,0.88157
2021-01-22 23:37:54.608306,1236.21,6.1742,1237.12,4.02215
2021-01-22 23:38:04.803587,1235.95,6.05325,1237.12,30.49396
2021-01-22 23:38:14.998084,1235.84,4.02217,1237.02,4.689
2021-01-22 23:38:25.198652,1235.59,0.038,1236.5,0.5
2021-01-22 23:38:35.375994,1235.59,0.038,1236.12,4.02526
2021-01-22 23:38:45.970531,1235.59,0.026,1236.14,4.02492
2021-01-22 23:38:56.152372,1236.22,1.61729,1237.16,3.99614
2021-01-22 23:39:06.33021,1235.82,1.10698,1236.7,1.61795
2021-01-22 23:39:16.510696,1236,6.47111,1236.88,0.86579
2021-01-22 23:39:26.797819,1236.72,6.23597,1237,4.2088
2021-01-22 23:39:36.937833,1236.72,5.58136,1237.85,1.06759
2021-01-22 23:39:47.205233,1238.48,4.01329,1239.64,3.54727
2021-01-22 23:39:57.367725,1239.45,0.97807,1240.53,3.50652
2021-01-22 23:40:07.536102,1239.39,4.01097,1241.09,1.2
2021-01-22 23:40:17.723894,1239.39,4.51127,1240.31,4.01119
2021-01-22 23:40:28.07775,1239.07,1.61349,1239.91,0.91442
2021-01-22 23:40:38.258191,1238.16,3.19512,1239.83,6.54014
2021-01-22 23:40:48.438729,1239.47,2.79104,1240.69,1.56762
2021-01-22 23:40:58.619589,1239.7,4.00992,1240.68,4.0105
2021-01-22 23:41:08.828983,1238.28,4.33316,1239.3,1.6144
2021-01-22 23:41:20.49288,1236.32,0.99054,1237.64,1.2
2021-01-22 23:41:30.808995,1234.58,4.02529,1236.55,4.02559
2021-01-22 23:41:41.04479,1235.71,1.1323,1236.91,4.02445
2021-01-22 23:41:51.228889,1235.45,1.7774,1237.23,0.5
2021-01-22 23:42:01.427767,1232.2,0.038,1233.16,20
2021-01-22 23:42:11.639641,1231.63,1.00229,1232.94,4.53639
2021-01-22 23:42:21.833231,1228.82,14.1955,1230.34,0.827
2021-01-22 23:42:32.071771,1230.84,1.03723,1232.26,1.0618
2021-01-22 23:42:42.286259,1231.36,1.11901,1232.26,0.5
2021-01-22 23:42:52.484347,1230.18,6.19521,1231.78,0.43854
2021-01-22 23:43:02.699164,1231.44,1.62344,1232.55,1.62348
2021-01-22 23:43:13.00759,1231.43,6.78239,1232.59,2.12345
2021-01-22 23:43:23.260138,1230.01,1.05469,1231.15,1.65156
2021-01-22 23:43:33.471522,1228.2,0.82426,1229.37,1.62798
2021-01-22 23:43:43.703714,1228.26,4.04659,1229.76,1.34386
2021-01-22 23:43:54.319982,1229.01,0.85669,1229.67,1.62692
2021-01-22 23:44:04.880102,1229.17,4.04451,1230.45,2.12625
2021-01-22 23:44:15.077147,1228,0.0768,1228.97,0.95692
2021-01-22 23:44:25.263468,1226.33,0.83077,1227.08,1.63071
2021-01-22 23:44:35.447734,1227.29,0.90931,1228.74,0.08056
2021-01-22 23:44:45.61783,1227.94,1.62776,1229.57,0.0112
2021-01-22 23:44:55.770996,1227.95,1.62793,1229.18,0.82279
2021-01-22 23:45:05.934175,1227.18,0.94137,1227.85,1.6297
2021-01-22 23:45:16.129414,1227.18,0.94137,1228.7,6.40687
2021-01-22 23:45:26.310962,1225,18.71828,1226.09,2.1326
2021-01-22 23:45:36.537551,1224.14,1.81409,1225.53,1.39953
2021-01-22 23:45:46.734395,1224.67,4.10314,1225,1.87586
2021-01-22 23:45:57.040185,1226.62,1.60893,1227.79,0.01127
2021-01-22 23:46:07.227508,1226.47,6.52787,1227.55,0.02
2021-01-22 23:46:17.403995,1227.16,6.30774,1227.55,15.33897
2021-01-22 23:46:27.608053,1230.94,0.82865,1231.68,2.70395
2021-01-22 23:46:37.862785,1232.2,0.5,1232.7,4.04978
2021-01-22 23:46:48.064995,1231.45,0.8436,1232.68,1.62421
2021-01-22 23:46:58.255585,1231.4,0.88352,1232.14,4.053
2021-01-22 23:47:08.457828,1230.8,6.60263,1232.14,4.053
2021-01-22 23:47:18.623791,1230.2,6.94287,1231.23,1.62497
2021-01-22 23:47:28.807986,1228.88,5.71769,1229.95,0.92275
2021-01-22 23:47:39.133487,1229.21,1.00587,1229.94,3.9858
2021-01-22 23:47:49.350496,1228.84,0.5,1230.42,6.27331
2021-01-22 23:47:59.557637,1230.7,1.10853,1232.18,2.63186
2021-01-22 23:48:09.811266,1230.95,4.03872,1232.2,0.038
2021-01-22 23:48:20.026672,1231.98,4.53451,1233.22,4.03613
2021-01-22 23:48:30.228018,1233,2.69739,1233.67,0.02
2021-01-22 23:48:40.591419,1233,2.08993,1233.67,0.02
2021-01-22 23:48:50.795058,1233.05,2.12186,1233.67,0.02
2021-01-22 23:49:01.022196,1233.69,1.19709,1234.67,0.24298
2021-01-22 23:49:11.220753,1235.39,0.5,1236,10.60029
2021-01-22 23:49:21.430143,1235.28,3.19512,1236.53,0.5674
2021-01-22 23:49:31.662226,1236.16,1.40914,1236.99,4.52219
2021-01-22 23:49:41.958022,1234.59,1.01296,1235.91,1.03518
2021-01-22 23:49:52.192871,1236.11,0.5,1237,0.90498
2021-01-22 23:50:02.426365,1237,15.61031,1237.76,0.08939
2021-01-22 23:50:12.641807,1237,15.61031,1237.28,1.61761
2021-01-22 23:50:22.886802,1237.08,1.61629,1238.12,0.17823
2021-01-22 23:50:33.092865,1238.32,1.61465,1238.98,0.038
2021-01-22 23:50:43.391608,1238.02,0.5,1238.97,4.05509
2021-01-22 23:50:53.602186,1238.44,2.1141,1239.37,0.1
2021-01-22 23:51:04.343254,1239.67,1.61229,1240,0.00559
2021-01-22 23:51:14.569042,1239.47,7.7745,1240.4,0.49566
2021-01-22 23:51:24.767309,1240,15.57255,1240.39,4.05072
2021-01-22 23:51:35.719967,1239.02,1.61336,1240.25,1.61322
2021-01-22 23:51:46.011501,1239.44,2.11291,1240.21,4.05071
2021-01-22 23:51:56.34626,1239.96,1.41767,1241,0.05625
2021-01-22 23:52:06.552691,1240.67,1.66138,1241.45,0.16504
2021-01-22 23:52:16.758988,1239.28,0.89822,1240.56,0.17535
2021-01-22 23:52:27.014931,1239.93,0.9705,1240.83,3.99095
2021-01-22 23:52:37.220803,1239.34,4.52284,1240.61,1.61266
2021-01-22 23:52:47.44184,1240.04,0.5,1240.81,1.6123
2021-01-22 23:52:57.67471,1237.79,4.05427,1239.15,0.5
2021-01-22 23:53:07.862054,1237.66,1.19278,1238.67,1.61515
2021-01-22 23:53:18.608139,1235.59,0.038,1236.72,1.7
2021-01-22 23:53:28.788486,1234.69,0.99353,1236.21,1.61886
2021-01-22 23:53:38.985291,1235.69,1.18174,1236.65,0.07477
2021-01-22 23:53:49.175342,1236.34,0.99388,1237.56,4.06031
2021-01-22 23:53:59.365394,1235.73,6.02144,1236.92,1.16981
2021-01-22 23:54:09.632762,1235.22,6.46228,1236.65,0.63938
2021-01-22 23:54:19.838439,1234.69,0.99353,1235.57,1.61923
2021-01-22 23:54:30.023568,1234.01,0.01612,1235.29,0.80848
2021-01-22 23:54:40.210713,1234.23,1.61945,1235.23,3.30624
2021-01-22 23:54:50.978239,1233.74,2.89075,1235.53,1.61965
2021-01-22 23:55:01.166892,1233.67,0.02,1234.62,6.37534
2021-01-22 23:55:11.377228,1232.94,1.62119,1233.75,4.07119
2021-01-22 23:55:21.598697,1233.49,0.80495,1234.38,0.25989
2021-01-22 23:55:31.791704,1233.05,4.06912,1234.62,5.26318
2021-01-22 23:55:41.973146,1233.65,0.82613,1234.58,4.06904
2021-01-22 23:55:52.219969,1233.84,1.62018,1234.75,1.62037
2021-01-22 23:56:02.395482,1232.57,1.62179,1233.56,5.69375
2021-01-22 23:56:12.558047,1232.2,0.038,1232.81,4.07473
2021-01-22 23:56:22.766343,1232.2,0.038,1233.03,6.45634
2021-01-22 23:56:33.007676,1231.87,4.07325,1233.36,0.87964
2021-01-22 23:56:43.184919,1232.83,4.57073,1234.26,0.40488
2021-01-22 23:56:53.730754,1233.96,1.61981,1234.61,5.54145
2021-01-22 23:57:03.922471,1234.64,1.2,1235.89,0.2928
2021-01-22 23:57:14.122124,1234.61,0.85136,1235.46,1.6194
2021-01-22 23:57:24.321596,1235.71,1.09666,1236.73,0.02
2021-01-22 23:57:34.495424,1236.14,2.11711,1236.73,0.02
2021-01-22 23:57:44.663323,1236.58,6.71203,1237.81,0.5
2021-01-22 23:57:54.842758,1238.56,0.25,1238.98,0.538
2021-01-22 23:58:05.745072,1239.06,2.11291,1239.79,0.02
2021-01-22 23:58:15.926899,1239.17,1.2,1240.47,0.88882
2021-01-22 23:58:26.10398,1238.56,0.25,1239.44,1.61468
2021-01-22 23:58:36.33351,1237.62,9.97881,1238.8,0.26644
2021-01-22 23:58:46.511356,1238.2,6.52857,1239.55,2.11409
2021-01-22 23:58:56.676942,1238.27,1.19216,1239.55,2.11409
2021-01-22 23:59:06.863029,1236.52,0.24262,1237.12,1.61732
2021-01-22 23:59:17.048852,1235.41,1.17189,1236.49,1.61837
2021-01-22 23:59:27.240282,1234.25,1.10179,1235.38,4.06718
2021-01-22 23:59:37.412772,1234.81,1.09118,1236.31,0.0654
2021-01-22 23:59:47.63243,1233.9,3.02229,1235.85,1.2
2021-01-22 23:59:57.82722,1233.67,0.02,1234.59,1.62077
2021-01-23 00:00:07.99804,1233.67,0.02,1234.26,1.56773
2021-01-23 00:00:18.204076,1232.68,0.0675,1233.46,4.05532
2021-01-23 00:00:28.36731,1232.68,0.0675,1233.46,4.05532
2021-01-23 00:00:38.547021,1230.64,4.06101,1232.28,0.93742
2021-01-23 00:00:48.743903,1229.92,1.6251,1231.57,1.453
2021-01-23 00:00:58.982255,1228.64,0.8025,1230.48,1.62715
2021-01-23 00:01:09.741952,1228.43,4.15595,1230.05,1.62724
2021-01-23 00:01:20.203815,1226.62,0.054,1227.7,1.63051
2021-01-23 00:01:30.378982,1223.21,0.34944,1224.47,2.39315
2021-01-23 00:01:41.301246,1222.7,6.6409,1224.41,1.63541
2021-01-23 00:01:51.503213,1222.03,0.02048,1222.87,6.98226
2021-01-23 00:02:01.752847,1223.17,0.98306,1224.66,2.72684
2021-01-23 00:02:12.929478,1222.41,0.5,1223.55,1.63583
2021-01-23 00:02:23.191229,1220.51,6.06083,1221.63,0.92025
2021-01-23 00:02:33.359713,1221.35,1.03354,1222.3,4.36567
2021-01-23 00:02:43.544992,1221.4,1.63602,1222.4,0.99437
2021-01-23 00:02:53.767334,1223.16,1.2,1224.64,1.19164
2021-01-23 00:03:05.319548,1224.55,6.25709,1226.33,0.85398
2021-01-23 00:03:16.656908,1226.33,0.91161,1227.55,0.02
2021-01-23 00:03:26.840439,1225.2,3.19512,1226.38,0.92007
2021-01-23 00:03:37.019327,1223.55,0.81704,1224.68,0.21776
2021-01-23 00:03:47.22507,1221.22,0.90381,1222.59,0.93704
2021-01-23 00:03:57.421398,1222.08,4.13895,1223.61,6.82793
2021-01-23 00:04:07.626007,1222.03,0.038,1223.15,1.63603
2021-01-23 00:04:17.763176,1223.16,1.63417,1224.31,1.95538
2021-01-23 00:04:27.953033,1223.55,0.93263,1225.27,0.91721
2021-01-23 00:04:38.118844,1223.55,0.68753,1224.13,1.63477
2021-01-23 00:04:48.399338,1221.02,0.86035,1222.24,0.90824
2021-01-23 00:04:58.596604,1219.05,1.10645,1220.54,4.14847
2021-01-23 00:05:08.884381,1221.6,1.16062,1222.54,6.59043
2021-01-23 00:05:19.071819,1221.59,0.91269,1222.9,2.13635
2021-01-23 00:05:29.316829,1224.53,6.86638,1225.42,0.038
2021-01-23 00:05:39.570388,1223.51,0.39114,1224.78,1.13467
2021-01-23 00:05:49.775605,1221.15,0.83258,1222.47,1.12234
2021-01-23 00:05:59.963215,1221.42,0.02,1223.35,1.14204
2021-01-23 00:06:10.16824,1220.6,1.64668,1221.82,1.61522
2021-01-23 00:06:20.396088,1220.6,1.44998,1221.8,1.63777
2021-01-23 00:06:30.902307,1222.08,4.18287,1223.35,1.14204
2021-01-23 00:06:41.119849,1220.98,0.81001,1222.05,1.63752
2021-01-23 00:06:51.325784,1220.55,0.52381,1221.25,1.6386
2021-01-23 00:07:01.553325,1220.73,0.74754,1221.54,4.19077
2021-01-23 00:07:11.851686,1219.86,1.61017,1221.16,1.63853
2021-01-23 00:07:22.078849,1215.25,0.024,1216,0.4957
2021-01-23 00:07:32.295206,1211.83,6.27683,1213.82,0.72894
2021-01-23 00:07:42.508507,1212.59,5.53054,1213.82,5.49754
2021-01-23 00:07:52.846425,1213.6,0.6558,1214.17,0.24224
2021-01-23 00:08:03.053842,1211.11,3.29856,1212.76,1.41027
2021-01-23 00:08:13.349579,1212.18,0.24749,1214.44,2.77612
2021-01-23 00:08:23.647211,1212.43,1.64823,1213.8,1.55932
2021-01-23 00:08:33.873874,1212.03,0.83098,1213.53,0.91491
2021-01-23 00:08:44.784792,1211.11,0.12491,1213.04,4.72226
2021-01-23 00:08:55.084988,1209.48,0.89424,1210.77,0.45442
2021-01-23 00:09:06.38679,1209.8,4.224,1211.66,4.22504
2021-01-23 00:09:16.629333,1211.58,3.00698,1213.47,0.27276
2021-01-23 00:09:27.00434,1210.9,4.22199,1212.31,1.511
2021-01-23 00:09:37.178544,1210.46,4.22395,1211.61,4.22394
2021-01-23 00:09:47.318191,1210.84,0.5,1211.62,5.65471
2021-01-23 00:09:57.530205,1212.29,1.64892,1213,3.09481
2021-01-23 00:10:07.66592,1212.32,1.64862,1213.71,0.25624
2021-01-23 00:10:17.845966,1212.32,0.51237,1212.7,4.21982
2021-01-23 00:10:28.004114,1210.06,4.22448,1212.08,4.22311
2021-01-23 00:10:38.204021,1209.37,0.01079,1210.73,6.87373
2021-01-23 00:10:48.375477,1206.88,0.04147,1208.1,0.01358
2021-01-23 00:10:58.572217,1207.26,1.14724,1208.17,4.27632
2021-01-23 00:11:09.050358,1209.39,1.65315,1210.34,0.21649
2021-01-23 00:11:19.487773,1209.17,1.11063,1210.71,1.65331
2021-01-23 00:11:29.667652,1207.67,4.26951,1209.71,1.08314
2021-01-23 00:11:39.895514,1208.04,0.86183,1209.17,1.65518
2021-01-23 00:11:50.088516,1206.97,1.65581,1207.84,0.05464
2021-01-23 00:12:00.286135,1207.64,0.91437,1208.6,4.27522
2021-01-23 00:12:10.960823,1209.27,0.87825,1209.44,4.27014
2021-01-23 00:12:21.20222,1210.84,1.04657,1211.65,0.43716
2021-01-23 00:12:31.399677,1207.33,0.5,1207.85,0.29895
2021-01-23 00:12:41.603021,1207.71,0.25,1207.85,1.98931
2021-01-23 00:12:51.863668,1208.2,1.14265,1209.08,2.19253
2021-01-23 00:13:02.100723,1209.2,1.12417,1210.01,4.27055
2021-01-23 00:13:12.27209,1210,0.84782,1210.67,4.26733
2021-01-23 00:13:22.544684,1210.34,1.6515,1211.38,0.17628
2021-01-23 00:13:32.916349,1210.16,1.65184,1210.86,2.26592
2021-01-23 00:13:43.121174,1210.16,0.31253,1210.7,4.26673
2021-01-23 00:13:53.293837,1210.16,0.31253,1210.5,3.26664
2021-01-23 00:14:03.513891,1210.2,1.84554,1210.75,4.26631
2021-01-23 00:14:13.746439,1211.84,4.2577,1213.01,1.30985
2021-01-23 00:14:23.949482,1212.63,1.64798,1213.16,1.16029
2021-01-23 00:14:34.166693,1213.43,1.13691,1214.41,1.64779
2021-01-23 00:14:44.376083,1212.63,1.14798,1213.57,1.6486
2021-01-23 00:14:54.580424,1210.5,5,1211.21,1.65227
2021-01-23 00:15:04.794197,1210.75,0.80205,1211.93,0.19984
2021-01-23 00:15:14.996026,1212.65,1.64821,1213.78,0.26269
2021-01-23 00:15:26.134533,1214.38,4.24883,1215.25,0.038
2021-01-23 00:15:36.341304,1215.28,1.03603,1216.86,4.67193
2021-01-23 00:15:46.53172,1214.6,1.1166,1215.45,1.64632
2021-01-23 00:15:56.712449,1212.96,2.90508,1213.82,4.17976
2021-01-23 00:16:06.890471,1212.34,1.01139,1213.88,0.24714
2021-01-23 00:16:17.074845,1210.75,0.80205,1211.98,6.60366
2021-01-23 00:16:27.261863,1211.37,1.84376,1211.95,4.29616
2021-01-23 00:16:37.442342,1210.75,0.80205,1211.51,4.29799
2021-01-23 00:16:47.789171,1210.48,0.99904,1210.97,1.65224
2021-01-23 00:16:57.952108,1208.63,0.94964,1208.95,1.65552
2021-01-23 00:17:08.909089,1208,1,1208.49,4.28172
2021-01-23 00:17:19.105798,1208.51,4.30265,1210.1,2.15399
2021-01-23 00:17:29.29307,1208.99,1.65349,1210.34,4.3023
2021-01-23 00:17:39.488586,1209.08,1.18229,1211.42,9.36992
2021-01-23 00:17:49.705705,1210.59,1.12435,1210.66,3.63198
2021-01-23 00:17:59.883716,1211.37,0.98716,1211.86,0.038
2021-01-23 00:18:10.051226,1209.85,1.02126,1210.9,3.69617
2021-01-23 00:18:20.247517,1209.85,1.02126,1210.55,4.30125
2021-01-23 00:18:30.498279,1209.85,6.02126,1210.47,0.1252
2021-01-23 00:18:40.67749,1211.33,0.94421,1211.51,0.27841
2021-01-23 00:18:50.860919,1211.96,2.51528,1212.82,0.67116
2021-01-23 00:19:01.221829,1212.42,1.08974,1212.83,0.16779
2021-01-23 00:19:11.411516,1210.81,2.2616,1212.08,1.65093
2021-01-23 00:19:21.639064,1209.59,0.87449,1210.95,0.5
2021-01-23 00:19:31.896568,1209.77,1.15323,1210.05,0.28237
2021-01-23 00:19:42.284154,1209.97,1.65225,1210.28,1.05309
2021-01-23 00:19:52.499178,1211.78,1.64964,1212.35,0.36136
2021-01-23 00:20:02.727968,1211.87,1.13902,1213.61,0.41935
2021-01-23 00:20:12.969283,1212.39,0.89026,1213.61,0.41935
2021-01-23 00:20:24.554491,1211.42,4.2774,1212.21,0.21926
2021-01-23 00:20:34.753563,1212.2,0.10595,1212.43,0.27408
2021-01-23 00:20:44.998414,1213.06,1.03552,1214.03,0.10492
2021-01-23 00:20:55.186169,1214.02,1.12999,1214.03,0.10492
2021-01-23 00:21:05.480066,1214.85,0.92001,1215.25,0.038
2021-01-23 00:21:15.673311,1212.22,2.53544,1213.18,1.64936
2021-01-23 00:21:25.868862,1211.91,0.80181,1213.19,4.29314
2021-01-23 00:21:36.228375,1211.91,0.80181,1212.53,0.14732
2021-01-23 00:21:46.453961,1211.38,1.86103,1212.07,0.04604
2021-01-23 00:21:57.172645,1212.8,0.93077,1213.19,0.03453
2021-01-23 00:22:07.378839,1212.71,1.17138,1212.74,0.08448
2021-01-23 00:22:17.601963,1212.09,3.19947,1212.61,1.6498
2021-01-23 00:22:27.800168,1211.79,0.95565,1212.14,0.05972
2021-01-23 00:22:38.034682,1210.95,0.5,1212.14,0.05972
2021-01-23 00:22:48.23124,1211.04,1.65082,1211.55,0.03365
2021-01-23 00:22:58.458262,1212.63,1.64861,1213.41,4.29194
2021-01-23 00:23:08.634818,1213.48,0.8426,1214.83,0.97222
2021-01-23 00:23:18.820245,1213.48,0.8426,1214.18,1.64809
2021-01-23 00:23:29.011567,1213.48,0.85472,1215.06,1.64685
2021-01-23 00:23:39.257139,1214.47,1.58243,1214.97,0.0122
2021-01-23 00:23:49.458339,1214.47,0.95745,1215.1,1.64676
2021-01-23 00:23:59.653553,1214.47,1.0089,1215.25,0.038
2021-01-23 00:24:09.86008,1212.58,1.64836,1213.42,0.5
2021-01-23 00:24:20.034696,1213.11,0.5,1213.84,4.28983
2021-01-23 00:24:30.258935,1212.25,7.45816,1214.09,4.2886
2021-01-23 00:24:40.59881,1213.3,1.64777,1214.09,4.2886
2021-01-23 00:24:50.81223,1213.12,0.32342,1213.95,1.64803
2021-01-23 00:25:01.036976,1212.86,0.02041,1213.56,0.80434
2021-01-23 00:25:11.232558,1213.53,0.93907,1214.45,0.40232
2021-01-23 00:25:21.463852,1214.47,2.14606,1215.52,0.22314
2021-01-23 00:25:31.745882,1214.39,1.05943,1215.49,1.64625
2021-01-23 00:25:42.79598,1214.39,1.55943,1214.82,1.64692
2021-01-23 00:25:53.003778,1213.9,1.64706,1214.66,1.64719
2021-01-23 00:26:04.241212,1214.24,1.18709,1215.39,1.64631
2021-01-23 00:26:14.422017,1214.24,1.18709,1214.54,4.28603
2021-01-23 00:26:25.275565,1212.24,0.02,1213.27,2.14937
2021-01-23 00:26:35.517602,1212.24,0.52,1213.08,6.44191
2021-01-23 00:26:45.64076,1213.94,1.89711,1214.57,4.28584
2021-01-23 00:26:56.161243,1214.16,2.74503,1215,38.90305
2021-01-23 00:27:06.373004,1213.94,2.03211,1215,39.40305
2021-01-23 00:27:16.61277,1213.94,0.53103,1214.18,4.28791
2021-01-23 00:27:26.808967,1213.65,1.64733,1214.18,4.28791
2021-01-23 00:27:36.973419,1213.87,1.64708,1214.4,1.10423
2021-01-23 00:27:47.988101,1214.01,0.93485,1215,38.90305
2021-01-23 00:27:58.173772,1214.01,1.43485,1214.57,1.64733
2021-01-23 00:30:18.936144,1218.88,4.69983,1220,6.46556
2021-01-23 00:30:29.142788,1219.35,1.63949,1220.82,2.13889
2021-01-23 00:30:39.348336,1218.74,0.5,1219.84,6.50409
2021-01-23 00:30:49.550512,1218.4,4.20189,1219.45,4.20142
2021-01-23 00:30:59.735603,1218.74,0.50177,1219.43,6.34254
2021-01-23 00:31:09.986566,1215.3,0.02,1215.89,1.64575
2021-01-23 00:31:20.178447,1215.3,0.52,1216.32,0.5
2021-01-23 00:31:30.363992,1215.31,4.25679,1216.51,0.8514
2021-01-23 00:31:40.485155,1214.55,0.5,1215.67,2.14606
2021-01-23 00:31:50.99048,1215.34,1.44853,1216.5,0.5
2021-01-23 00:32:01.186426,1215.35,4.77842,1216.46,4.27844
2021-01-23 00:32:11.87262,1215.34,0.60346,1216.12,1.64541
2021-01-23 00:32:22.09278,1215.03,3.20383,1216.09,2.14524
2021-01-23 00:32:32.292748,1215.24,2.1452,1216.08,4.28109
2021-01-23 00:32:42.50026,1215.86,0.9395,1216.61,1.64475
2021-01-23 00:32:52.811926,1214.92,1.64573,1216.1,1.64538
2021-01-23 00:33:03.286393,1215.12,2.14527,1216.29,2.14494
2021-01-23 00:33:13.491547,1215.44,2.14496,1216.42,4.27958
2021-01-23 00:33:23.66877,1216,2.19068,1217.12,4.2769
2021-01-23 00:33:33.85304,1217.08,1.46003,1218.31,4.27343
2021-01-23 00:33:44.636567,1219.38,1.13687,1221.15,1.63887
2021-01-23 00:33:54.94542,1218.88,0.5,1220.18,1.63993
2021-01-23 00:34:05.186734,1218.87,2.84449,1219.49,1.64064
2021-01-23 00:34:15.389764,1218.58,3.74008,1219.8,0.88112
2021-01-23 00:34:25.577121,1220.08,1.63865,1221.24,0.94961
2021-01-23 00:34:35.75498,1220.46,1.63791,1221.32,0.0539
2021-01-23 00:34:45.973945,1220.9,2.13708,1221.32,0.0539
2021-01-23 00:34:56.218948,1221.7,2.13616,1222.39,0.0304
2021-01-23 00:35:06.397766,1221.19,4.23085,1222.15,4.23151
2021-01-23 00:35:16.579694,1221.19,1.63675,1222.09,4.73227
2021-01-23 00:35:26.702391,1219.69,1.12353,1221.02,1.63885
2021-01-23 00:35:36.953855,1220.69,1.00509,1221.68,4.23377
2021-01-23 00:35:48.180115,1220.84,3.19512,1222.29,0.91384
2021-01-23 00:35:58.402646,1221.67,0.5,1222.21,4.23212
2021-01-23 00:36:09.12621,1221.95,4.2126,1222.41,0.04731
2021-01-23 00:36:19.331207,1220.8,0.5,1222.01,1.63747
2021-01-23 00:36:29.59265,1220.19,2.32062,1221.54,0.82254
2021-01-23 00:36:39.79657,1220.27,0.24585,1221.54,0.011
2021-01-23 00:36:49.989976,1220.99,1.6375,1221.7,4.21735
2021-01-23 00:37:00.210244,1222.13,1.57225,1223,22.03531
2021-01-23 00:37:10.509275,1220.88,1.37188,1222.01,2.90805
2021-01-23 00:37:20.71079,1219.69,1.12353,1220.43,2.13968
2021-01-23 00:37:30.903047,1219.28,0.96339,1220.38,1.00239
2021-01-23 00:37:41.087201,1219.3,1.2,1220.89,3.28005
2021-01-23 00:37:51.27901,1219.91,0.84215,1220.5,0.15165
2021-01-23 00:38:01.503385,1219.28,0.96339,1220.45,1.63958
2021-01-23 00:38:12.343886,1220.66,1.63792,1221.82,1.63779
2021-01-23 00:38:22.542298,1219.89,1.13218,1221.19,1.63877
2021-01-23 00:38:33.110184,1219.59,3.28769,1220.72,4.22004
2021-01-23 00:38:43.293044,1219.96,1.63882,1220.75,4.21993
2021-01-23 00:38:53.568326,1219.69,1.6394,1220.45,1.63955
2021-01-23 00:39:04.09106,1218.72,2.14061,1220.41,3.96424
2021-01-23 00:39:14.312712,1217.66,2.53274,1219.05,6.26815
2021-01-23 00:39:25.158141,1217.25,1.64275,1218.12,4.73003
2021-01-23 00:39:35.360478,1217.67,0.5,1218.71,6.41853
2021-01-23 00:39:45.582598,1216,0.5,1217.6,6.40613
2021-01-23 00:39:55.787144,1216.78,4.10579,1217.74,4.23128
2021-01-23 00:40:06.020808,1216.86,2.14303,1218.14,6.79903
2021-01-23 00:40:16.454281,1217.38,1.12384,1218.73,4.22955
2021-01-23 00:40:26.640992,1217.39,1.13039,1218.64,4.22937
2021-01-23 00:40:36.819659,1216.8,1.2,1218.64,4.63438
2021-01-23 00:40:47.073622,1218.63,1.64108,1219.8,1.03703
2021-01-23 00:40:57.260768,1218.56,6.36498,1219.89,0.87678
2021-01-23 00:41:07.446059,1218.98,0.5,1219.93,6.36408
2021-01-23 00:41:17.705507,1217.43,6.85742,1218.38,1.19028
2021-01-23 00:41:27.919654,1217.19,4.22795,1218.16,0.0138
2021-01-23 00:41:38.118104,1218.21,0.84182,1218.88,1.64148
2021-01-23 00:41:48.300163,1218.04,1.2,1219.42,0.81356
2021-01-23 00:41:58.485205,1218.98,4.72238,1219.88,1.64016
2021-01-23 00:42:08.750468,1218.18,0.1,1218.69,4.2282
2021-01-23 00:42:18.927574,1217,1,1217.84,3.90866
2021-01-23 00:42:29.250711,1217.44,0.89795,1218.63,1.64208
2021-01-23 00:42:39.453042,1217.13,2.14264,1218.33,1.64222
2021-01-23 00:42:49.644776,1217.9,1.46825,1218.62,1.64204
2021-01-23 00:42:59.835192,1217.91,4.72644,1218.99,4.22599
2021-01-23 00:43:10.834672,1218.27,4.72401,1219,22.03531
2021-01-23 00:43:20.963198,1218.18,1.44627,1219,24.5605
2021-01-23 00:43:31.177532,1218.88,0.5,1219,7.57031
2021-01-23 00:43:41.701015,1219.22,4.22077,1220,56.27462
2021-01-23 00:43:51.870555,1219.94,1.52638,1220,45.26315
2021-01-23 00:44:02.08612,1219.95,4.21863,1220,19.42396
2021-01-23 00:44:12.294488,1219.95,4.21863,1221.05,4.2186
2021-01-23 00:44:22.514997,1219.25,4.71968,1220.35,4.22105
2021-01-23 00:44:32.691253,1219.22,4.22207,1220.3,4.22201
2021-01-23 00:44:42.867192,1219.23,4.22183,1220.05,4.22201
2021-01-23 00:44:53.049368,1219.23,4.72183,1220.24,1.63937
2021-01-23 00:45:04.1359,1218.41,16.52517,1219.7,1.64066
2021-01-23 00:45:14.365127,1217.91,4.224,1218.57,1.64201
2021-01-23 00:45:24.57213,1217.91,4.724,1218.87,4.22627
2021-01-23 00:45:34.758516,1217,0.92217,1217.96,2.14306
2021-01-23 00:45:44.939647,1217.09,4.22924,1217.77,1.64295
2021-01-23 00:45:55.132621,1215.9,3.19512,1217.47,4.23148
2021-01-23 00:46:05.338724,1215.36,2.94893,1216.14,1.64505
2021-01-23 00:46:15.561867,1213.45,3.05602,1214.44,1.64785
2021-01-23 00:46:26.840001,1212.24,0.02,1213.74,0.5
2021-01-23 00:46:37.107233,1212.24,0.02,1213.32,1.64944
2021-01-23 00:46:47.475277,1213.66,0.01,1214.34,4.28103
2021-01-23 00:46:57.692667,1212.78,1.10256,1213.27,4.53556
2021-01-23 00:47:07.865549,1213.39,0.81132,1214.45,1.6479
2021-01-23 00:47:18.198983,1213.5,4.07176,1213.94,1.6488
2021-01-23 00:47:28.388596,1213.79,1.64708,1214.99,1.64706
2021-01-23 00:47:38.514118,1213.52,4.2841,1214.97,4.78477
2021-01-23 00:47:48.754328,1214.02,1.16698,1215.2,4.28338
2021-01-23 00:47:58.978416,1213.94,0.96478,1215.21,3.16152
2021-01-23 00:48:09.165412,1215.37,1.17934,1216.45,4.27839
2021-01-23 00:48:19.387269,1215.37,0.42955,1216.49,2.14482
2021-01-23 00:48:29.593213,1215.91,6.22048,1217.07,4.77732
2021-01-23 00:48:39.770252,1216.94,6.29573,1217.61,0.83239
2021-01-23 00:48:50.012667,1218.57,1.17837,1218.99,0.0159
2021-01-23 00:49:00.232122,1219.58,1.2,1220.65,4.26338
2021-01-23 00:49:10.437587,1220.53,1.63743,1221.42,0.02
2021-01-23 00:49:20.934464,1221.28,1.63649,1222.03,0.038
2021-01-23 00:49:31.130383,1221.05,0.99312,1222.66,4.25739
2021-01-23 00:49:41.351045,1221.46,1.63677,1222.43,4.25724
2021-01-23 00:49:51.533709,1221.06,4.75781,1222.66,4.26903
2021-01-23 00:50:01.728237,1220.21,1.02481,1221.77,0.60707
2021-01-23 00:50:11.908729,1221.04,4.25843,1221.77,0.60707
2021-01-23 00:50:22.354211,1221.53,4.25648,1222.03,0.69298
2021-01-23 00:50:32.530366,1221.73,4.25459,1222.98,4.25471
2021-01-23 00:50:42.717641,1222.72,1.2,1223.98,0.72801
2021-01-23 00:50:52.93972,1223.97,0.5,1224.48,0.02
2021-01-23 00:51:03.107626,1224.02,1.63292,1224.67,0.01773
2021-01-23 00:51:13.295986,1224.35,1.63249,1225,4.01079
2021-01-23 00:51:24.137452,1224.69,6.65689,1225,4.01079
2021-01-23 00:51:34.309738,1223.97,6.95027,1224.87,1.57023
2021-01-23 00:51:44.6405,1224.07,4.24731,1225,4.01079
2021-01-23 00:51:54.83482,1224.8,0.08794,1224.99,2.13295
2021-01-23 00:52:05.104849,1224.22,1.63263,1224.98,1.63263
2021-01-23 00:52:15.308137,1224.6,1.13231,1225,4.01079
2021-01-23 00:52:26.244818,1224.04,4.24723,1225,3.50087
2021-01-23 00:52:36.42857,1225,0.40558,1225.23,1.63257
2021-01-23 00:52:46.614799,1225.07,1.63201,1225.34,0.0674
2021-01-23 00:52:56.875372,1224.04,4.24705,1225.17,1.63282
2021-01-23 00:53:07.090316,1223.34,0.74523,1224.9,1.63326
2021-01-23 00:53:17.309588,1224.28,4.24709,1225,6.20291
2021-01-23 00:53:27.615996,1224.28,4.24709,1225,6.15492
2021-01-23 00:53:37.842846,1225.73,4.24184,1227.05,0.52
2021-01-23 00:53:48.72471,1226,2.12982,1227.26,0.0952
2021-01-23 00:53:58.945126,1227.99,1.10651,1228.99,1.62811
2021-01-23 00:54:09.151547,1227.4,3.73532,1228.55,1.62865
2021-01-23 00:54:19.333127,1225.71,1.63034,1227.25,0.47746
2021-01-23 00:54:29.525584,1226.24,0.89552,1227.09,1.63061
2021-01-23 00:54:39.679268,1225.63,21.16864,1226.7,1.63092
2021-01-23 00:54:49.861898,1226.08,2.85552,1226.65,1.63084
2021-01-23 00:55:00.059168,1227.33,1.19608,1228.31,1.62899
2021-01-23 00:55:10.296002,1225.91,4.24149,1227.06,1.63056
2021-01-23 00:55:20.533275,1226.44,1.13507,1227.33,4.24075
2021-01-23 00:55:30.801805,1225.79,2.80327,1226.57,0.60058
2021-01-23 00:55:40.994686,1225.79,2.80327,1226.37,1.63132
2021-01-23 00:55:51.25874,1225.79,2,1226.64,4.24314
2021-01-23 00:56:01.527477,1225.92,4.24202,1226.76,0.81078
2021-01-23 00:56:11.764982,1225.79,1.61437,1226.03,1.6318
2021-01-23 00:56:21.986319,1225.79,1.61437,1226.2,4.24403
2021-01-23 00:56:32.203319,1225.99,1.16532,1227.49,4.2404
2021-01-23 00:56:42.560576,1225.79,1.61437,1226.71,4.74292
2021-01-23 00:56:52.768001,1225.99,0.88587,1226.84,4.74269
2021-01-23 00:57:03.057624,1225.79,1.61437,1226.42,4.24342
2021-01-23 00:57:13.254754,1225.79,1.61437,1227.06,0.94107
2021-01-23 00:57:23.470752,1226.38,0.90705,1227.49,4.24056
2021-01-23 00:57:33.668441,1225.81,4.24066,1227.12,4.24063
2021-01-23 00:57:43.852868,1226.9,1.62923,1227.63,1.20246
2021-01-23 00:57:54.031917,1226.91,4.23789,1227.12,0.11121
2021-01-23 00:58:04.220888,1227.81,0.83645,1229.31,8.06367
2021-01-23 00:58:14.43404,1229.12,1.62606,1229.73,0.261
2021-01-23 00:58:24.609151,1228.77,4.23112,1229.73,0.261
2021-01-23 00:58:34.796503,1229.48,0.5,1230,1
2021-01-23 00:58:45.696966,1228.52,4.52713,1229.86,4.23151
2021-01-23 00:58:56.583298,1228.04,7.51652,1229.35,1.10022
2021-01-23 00:59:06.794451,1227.75,1.62796,1228.9,1.62823
2021-01-23 00:59:16.919781,1228.66,1.62683,1229.84,1.62697
2021-01-23 00:59:27.128949,1229.14,1.68001,1229.99,4.2307
2021-01-23 00:59:37.300913,1228.6,1.62708,1229.57,4.73398
2021-01-23 00:59:47.47298,1228.09,4.23413,1229.11,1.54852
2021-01-23 00:59:57.713914,1228.74,1.62685,1229.46,1.6271
2021-01-23 01:00:08.061605,1228.83,1.17526,1229.49,4.23222
2021-01-23 01:00:18.267056,1230.06,2.12365,1231.11,2.52634
2021-01-23 01:00:28.510968,1231.64,0.73437,1232.24,1.62408
2021-01-23 01:00:38.757576,1231.02,0.00269,1231.68,1.6244
2021-01-23 01:00:48.993174,1229.23,1.60604,1230.64,4.22915
2021-01-23 01:00:59.205873,1229.28,4.72926,1230.76,4.72996
2021-01-23 01:01:09.494004,1229.61,2.12521,1231.07,1.62481
2021-01-23 01:01:19.721967,1230.25,1.62461,1231.29,1.62461
2021-01-23 01:01:30.068407,1229.37,1.62606,1230.43,4.22976
2021-01-23 01:01:40.288583,1229.57,3.7741,1230.99,4.22845
2021-01-23 01:01:50.493998,1229.59,4.22879,1230.21,1.62609
2021-01-23 01:02:00.741958,1229.18,4.22965,1230.27,0.7218
2021-01-23 01:02:11.115938,1229.12,0.5,1229.95,4.2307
2021-01-23 01:02:21.389591,1228.84,4.23136,1229.69,1.62691
2021-01-23 01:02:31.629332,1228.6,1.62708,1229.67,0.5
2021-01-23 01:02:41.85411,1228.06,2.5242,1229.45,1.62728
2021-01-23 01:02:52.066234,1228.02,1.17767,1228.98,1.15749
2021-01-23 01:03:02.294469,1227.96,0.5,1228.82,4.23445
2021-01-23 01:03:12.591156,1227.92,1.1735,1228.97,4.234
2021-01-23 01:03:22.830501,1227.87,5,1228.77,1.62805
2021-01-23 01:03:33.116816,1227.87,5,1228.09,1.62921
2021-01-23 01:03:43.351391,1226.64,4.23813,1228.07,1.62903
2021-01-23 01:03:53.57663,1226.52,1.62989,1227.27,1.63005
2021-01-23 01:04:03.824119,1224.7,2.46265,1225.58,2.13276
2021-01-23 01:04:14.127161,1225.02,1.63162,1225.74,0.86743
2021-01-23 01:04:24.369543,1224.7,2.90972,1225.65,4.23899
2021-01-23 01:04:34.586375,1224.48,0.02,1225.09,1.63284
2021-01-23 01:04:44.841748,1223.16,4.06026,1224.49,1.63393
2021-01-23 01:04:55.106335,1224.39,1.63273,1225.44,1.6329
2021-01-23 01:05:05.331072,1223.87,0.5,1224.83,1.63358
2021-01-23 01:05:15.689196,1223.19,0.5,1223.84,1.63484
2021-01-23 01:05:25.915357,1222.42,0.5,1223.29,1.63517
2021-01-23 01:05:36.133288,1222.14,2.89423,1222.85,1.54991
2021-01-23 01:05:46.365011,1221.42,0.02,1222.12,4.25122
2021-01-23 01:05:56.599226,1221.42,0.02,1222.61,1.05319
2021-01-23 01:06:06.808551,1222.24,4.24522,1223.57,4.24671
2021-01-23 01:06:17.158615,1221.42,0.02,1222.36,4.5509
2021-01-23 01:06:27.361453,1221.01,3.49024,1222.06,0.90123
2021-01-23 01:06:37.627573,1220.48,4.25327,1221.9,4.25307
2021-01-23 01:06:49.085952,1220.52,4.25209,1221.9,4.2061
2021-01-23 01:06:59.270964,1220.49,1.2,1222.4,1.2
2021-01-23 01:07:09.504231,1223.4,1.05109,1224.48,0.02
2021-01-23 01:07:19.723213,1223.25,1.34816,1224.47,4.24348
2021-01-23 01:07:29.922251,1222.73,1.2,1224.45,4.2264
2021-01-23 01:07:40.112838,1222.1,0.93518,1223.5,1.19412
2021-01-23 01:07:50.335178,1222.11,1.2,1223.49,4.22975
2021-01-23 01:08:00.524881,1222.11,2.84008,1223.45,4.22975
2021-01-23 01:08:10.696187,1223.13,1.2,1224.31,0.01636
2021-01-23 01:08:20.930991,1222.59,3.22449,1223.83,0.24513
2021-01-23 01:08:31.137981,1222.6,0.5,1223.84,0.16177
2021-01-23 01:08:41.374829,1222.11,4.72782,1223.36,4.22936
2021-01-23 01:08:52.655398,1222.11,0.5,1223.35,6.97213
2021-01-23 01:09:02.832006,1222.1,0.43518,1223.26,4.47678
2021-01-23 01:09:13.253801,1221.68,2.37702,1223.31,2.45
2021-01-23 01:09:23.469083,1221.75,0.5,1223.3,5.51938
2021-01-23 01:09:33.639621,1221.79,0.5,1223.28,1.2
2021-01-23 01:09:43.826782,1221.67,1.05958,1222.07,0.99648
2021-01-23 01:09:54.010019,1222.92,2.53045,1224.45,4.22606
2021-01-23 01:10:04.182205,1222.94,1.2,1224.45,4.72606
2021-01-23 01:10:14.374059,1222.92,1.33045,1223.79,4.22764
2021-01-23 01:10:24.600096,1222.92,1.33045,1223.79,4.22764
2021-01-23 01:10:34.782081,1223.83,1.40775,1224.38,4.22412
2021-01-23 01:10:44.996472,1224.1,4.22091,1225.26,4.21324
2021-01-23 01:10:55.176038,1223.83,0.90775,1225.26,4.21324
2021-01-23 01:11:05.39308,1222.92,0.83045,1223.97,0.88178
2021-01-23 01:11:15.56975,1221.42,0.02,1222.18,1.07476
2021-01-23 01:11:26.317622,1220.39,4.23436,1221.43,4.23501
2021-01-23 01:11:36.471724,1219.12,3.19512,1220.42,4.23876
2021-01-23 01:11:46.664807,1220.66,0.85091,1221.43,4.73445
2021-01-23 01:11:56.902648,1219.21,1.2,1220.48,4.23753
2021-01-23 01:12:07.117985,1219.81,1.2,1221.09,0.28778
2021-01-23 01:12:17.293897,1219.02,4.23778,1220.75,0.24575
2021-01-23 01:12:27.583261,1218.86,0.01632,1219.77,1.22083
2021-01-23 01:12:37.813127,1218.62,1.05214,1218.64,50.60773
2021-01-23 01:12:49.030068,1218.58,4.74009,1219.85,0.98316
2021-01-23 01:12:59.453451,1220.08,4.73525,1221.37,4.23535
2021-01-23 01:13:09.684107,1218.36,0.02,1219.7,1.60792
2021-01-23 01:13:19.92048,1218.49,4.74112,1219.69,4.74179
2021-01-23 01:13:30.134476,1218.48,0.86412,1219.69,0.5
2021-01-23 01:13:40.317398,1215.83,5.00694,1217.14,4.25072
2021-01-23 01:13:50.489321,1215.69,0.93012,1217.13,4.75124
2021-01-23 01:14:00.905625,1215.71,1.2,1217.3,2.64086
2021-01-23 01:14:11.106286,1215.69,0.93012,1217.01,1.09143
2021-01-23 01:14:21.306961,1215.57,0.18053,1216.16,0.54902
2021-01-23 01:14:32.166892,1215.25,0.01582,1215.72,4.75567
2021-01-23 01:14:42.373792,1214.29,0.99009,1215.58,5.97087
2021-01-23 01:14:52.577545,1213.73,0.83419,1215.32,6.01098
2021-01-23 01:15:03.001417,1213.41,4.25892,1214.69,4.25892
2021-01-23 01:15:13.359067,1212.24,0.02,1212.65,4.26654
2021-01-23 01:15:23.562965,1213.24,0.27245,1214.69,4.25894
2021-01-23 01:15:33.876943,1214,4.25453,1215.57,4.25487
2021-01-23 01:15:44.106467,1214.87,4.25344,1215.86,1.10193
2021-01-23 01:15:54.302605,1215.5,2.67635,1216.55,4.25242
2021-01-23 01:16:04.494615,1213.24,0.27245,1215.16,1.2
2021-01-23 01:16:14.696554,1213.26,4.25891,1214.45,4.25921
2021-01-23 01:16:24.898721,1215.1,4.25223,1216.15,4.25385
2021-01-23 01:16:35.150721,1217.68,4.24313,1219.59,4.24359
2021-01-23 01:16:46.086989,1215.07,0.85852,1216.86,1.58185
2021-01-23 01:16:56.271006,1215.08,4.25192,1216.85,4.25351
2021-01-23 01:17:06.504989,1215.26,0.94808,1216.86,1.03246
2021-01-23 01:17:16.811207,1215.25,0.038,1216.18,4.75486
2021-01-23 01:17:27.053188,1215.25,0.038,1216.15,4.25576
2021-01-23 01:17:37.387677,1216.69,1.2,1218,4.24628
2021-01-23 01:17:47.610962,1217.93,4.18909,1219.44,0.11407
2021-01-23 01:17:57.834331,1220.73,0.16301,1221.96,1.2
2021-01-23 01:18:08.110584,1220.33,1.44662,1222.26,1.69603
2021-01-23 01:18:18.347852,1219.73,4.68338,1221.52,0.41713
2021-01-23 01:18:28.573942,1217.75,1.50734,1219.03,1.4964
2021-01-23 01:18:38.798262,1217.76,4.19069,1219.82,4.1909
2021-01-23 01:18:48.990279,1218.79,0.84415,1219.85,1.00756
2021-01-23 01:18:59.204834,1218.89,4.18777,1220.32,4.18553
2021-01-23 01:19:09.430252,1218.83,4.68753,1220.06,4.18772
2021-01-23 01:19:20.929782,1218.21,4.68923,1219.31,4.18944
2021-01-23 01:19:31.123965,1217.24,3.69512,1218.54,0.89319
2021-01-23 01:19:41.41683,1220.04,4.156,1221.69,3.74541
2021-01-23 01:19:51.609441,1220.8,0.98858,1221.68,4.65796
2021-01-23 01:20:01.805148,1218.54,4.16047,1220.63,4.16058
2021-01-23 01:20:11.989787,1217.9,6.75248,1219.16,1.17137
2021-01-23 01:20:22.68544,1217.24,1.5408,1218.42,1.1244
2021-01-23 01:20:32.915944,1217.24,2.0408,1218.29,4.16841
2021-01-23 01:20:43.555974,1219.22,0.96547,1220.03,0.32841
2021-01-23 01:20:53.738939,1218.54,4.16133,1220.02,4.16239
2021-01-23 01:21:03.954103,1217.87,0.82089,1218.82,0.94591
2021-01-23 01:21:14.140645,1217.25,0.5,1218.81,4.66663
2021-01-23 01:21:24.411184,1217.86,4.16555,1218.82,0.94591
2021-01-23 01:21:34.611238,1217.86,0.5,1219.01,4.66589
2021-01-23 01:21:44.833364,1218.87,3.19512,1220,49.84496
2021-01-23 01:21:55.035173,1219.99,1.38333,1220,38.85643
2021-01-23 01:22:05.278306,1219.99,5.40381,1220.03,0.52841
2021-01-23 01:22:16.074565,1221.95,4.65138,1222.94,0.0539
2021-01-23 01:22:26.290716,1220.88,0.9777,1222.15,1.00607
2021-01-23 01:22:36.49188,1218.79,0.93746,1220.45,0.20476
2021-01-23 01:22:46.666021,1219.03,15.90212,1220.44,4.1615
2021-01-23 01:22:57.112092,1218.43,4.66226,1219.84,4.17914
2021-01-23 01:23:07.286356,1219.65,0.24597,1221.14,0.68614
2021-01-23 01:23:17.438516,1221.66,0.90351,1222.92,4.66887
2021-01-23 01:23:27.650667,1219.57,1.4512,1221.21,4.67462
2021-01-23 01:23:37.821151,1220.89,4.67108,1222.02,0.70428
2021-01-23 01:23:47.962893,1220.41,4.67223,1222.25,1.03495
2021-01-23 01:23:58.140445,1221.3,0.63954,1222.24,4.17259
2021-01-23 01:24:08.30933,1221.21,0.5,1221.53,1.06428
2021-01-23 01:24:18.521549,1220.65,1.00402,1222.23,1.57061
2021-01-23 01:24:28.689491,1220.66,4.17133,1222.22,4.67247
2021-01-23 01:24:38.905889,1220.66,4.17169,1222.22,4.67247
2021-01-23 01:24:49.098804,1220.66,4.67169,1222.22,4.48974
2021-01-23 01:24:59.290132,1220.67,4.17109,1222.22,4.48974
2021-01-23 01:25:09.493894,1221,9.25229,1222.19,4.17182
2021-01-23 01:25:19.701105,1221,9.99535,1222.19,4.17182
2021-01-23 01:25:29.900072,1221.85,6.43491,1222.92,4.16742
2021-01-23 01:25:40.100837,1222.54,6.58545,1222.94,0.0123
2021-01-23 01:25:50.299178,1222.94,0.6877,1223.99,4.6647
2021-01-23 01:26:00.476063,1221.39,6.12804,1222.97,4.16823
2021-01-23 01:26:10.691394,1221.9,0.87656,1223.56,2.04348
2021-01-23 01:26:20.867673,1222.61,4.16437,1223.83,8.52855
2021-01-23 01:26:31.40799,1223.99,1.15579,1224,35.75949
2021-01-23 01:26:41.58432,1223.99,5.80223,1224,31.26091
2021-01-23 01:26:51.784438,1224.01,4.1551,1224.48,0.02
2021-01-23 01:27:02.019326,1225.26,4.15094,1226,49.66296
2021-01-23 01:27:12.742589,1224,4.65959,1225.84,4.15879
2021-01-23 01:27:22.94957,1225.07,4.15595,1226,49.57494
2021-01-23 01:27:33.179628,1225.32,4.15468,1226,48.86263
2021-01-23 01:27:43.396455,1225.95,4.15272,1225.99,0.0157
2021-01-23 01:27:53.562516,1225.95,4.15272,1225.99,0.0157
2021-01-23 01:28:03.741965,1225.98,6.04924,1225.99,0.0157
2021-01-23 01:28:13.909228,1225.98,5.77623,1225.99,0.0157
2021-01-23 01:28:24.069986,1225.22,4.24402,1225.99,0.0157
2021-01-23 01:28:34.229597,1225.22,4.22967,1225.99,0.0157
2021-01-23 01:28:44.405811,1225.8,1.3,1225.99,4.24475
2021-01-23 01:28:54.580487,1225.99,1.3,1226,12.79676
2021-01-23 01:29:04.768106,1225.99,4.24182,1226,1.0853
2021-01-23 01:29:14.975836,1225.99,5.91815,1226,1.0853
2021-01-23 01:29:25.111519,1225.99,1.67683,1226,1.06044
2021-01-23 01:29:35.305322,1227.25,5.36193,1227.26,0.0952
2021-01-23 01:29:45.494621,1227.25,1.62513,1227.26,0.00868
2021-01-23 01:29:55.671308,1227.25,1.62513,1227.26,0.00868
2021-01-23 01:30:05.865178,1226,7.13789,1227.15,0.5
2021-01-23 01:30:16.072313,1226.92,1.39861,1227.26,0.00868
2021-01-23 01:30:26.99715,1226.94,4.45003,1227.26,0.00868
2021-01-23 01:30:37.948292,1227.95,4.23515,1228,39.95123
2021-01-23 01:30:48.146565,1227.95,4.23515,1228,37.10196
2021-01-23 01:30:58.360039,1227.98,3.19512,1228,34.6008
2021-01-23 01:31:08.537505,1227.99,4.46128,1228,21.88787
2021-01-23 01:31:19.068423,1229.99,5.67532,1230,36.79034
2021-01-23 01:31:29.290214,1230.02,0.2439,1230.61,1e-05
2021-01-23 01:31:39.592384,1233.53,16.84603,1233.67,0.02
2021-01-23 01:31:49.751228,1234.59,1.12508,1234.75,0.0697
2021-01-23 01:31:59.924171,1233.94,0.43225,1234.68,5.88856
2021-01-23 01:32:10.109042,1232.32,0.91466,1233.66,12.9986
2021-01-23 01:32:20.267193,1233.6,0.89924,1234.75,0.0697
2021-01-23 01:32:30.44685,1231.64,0.5,1233.94,9.5899
2021-01-23 01:32:40.759861,1232.59,1.30992,1233.94,9.5899
2021-01-23 01:32:50.978154,1233.06,1.12422,1234.61,3.668
2021-01-23 01:33:01.163058,1233.23,4.2168,1234.47,2.94264
2021-01-23 01:33:11.343946,1232.67,6.88495,1234.47,3.16219
2021-01-23 01:33:21.532581,1233.71,11.22129,1234.75,0.0697
2021-01-23 01:33:31.709891,1234.7,6.14846,1235,38.14404
2021-01-23 01:33:41.845114,1234.76,6.76025,1235,34.88898
2021-01-23 01:33:52.185693,1234.71,1.15215,1235,33.51136
2021-01-23 01:34:02.409984,1234.03,6.45395,1235,33.37688
2021-01-23 01:34:12.665935,1234.79,1.05214,1235,32.6569
2021-01-23 01:34:22.859479,1234,1.15998,1234.85,4.21524
2021-01-23 01:34:33.019901,1234.75,12.94,1235,31.6569
2021-01-23 01:34:43.204071,1234.75,11.4664,1235,18.48051
2021-01-23 01:34:53.401848,1234.75,17.31795,1234.98,4.21345
2021-01-23 01:35:03.718404,1234.75,16.06419,1235,13.37715
2021-01-23 01:35:13.906601,1234.75,8.91511,1234.99,4.71352
2021-01-23 01:35:24.095707,1234,1.11498,1234.54,4.21512
2021-01-23 01:35:34.28298,1234,1.08698,1234.53,4.21562
2021-01-23 01:35:44.520392,1233.45,6.67362,1234,1.03018
2021-01-23 01:35:54.713925,1233.94,0.95362,1234.94,0.5
2021-01-23 01:36:05.611876,1234.72,6.53024,1235,9.18321
2021-01-23 01:36:15.847522,1237.01,6.88654,1238,0.24233
2021-01-23 01:36:26.119619,1236.56,0.94849,1237.69,0.24239
2021-01-23 01:36:36.504984,1235.04,4.20975,1235.85,1.19283
2021-01-23 01:36:46.771017,1235,4.04858,1236.53,1.37864
2021-01-23 01:36:56.955961,1235,4.04858,1235.77,1.60346
2021-01-23 01:37:07.145752,1235,3.29321,1235.58,0.82326
2021-01-23 01:37:17.321215,1235.02,6.0789,1236.21,4.20983
2021-01-23 01:37:27.482236,1235,3.29321,1235.97,5
2021-01-23 01:37:37.658538,1235,3.29321,1236.19,7.01931
2021-01-23 01:37:47.852975,1233.33,6.8421,1234.52,0.97627
2021-01-23 01:37:58.054078,1232.67,4.21806,1233.72,4.21838
2021-01-23 01:38:08.367953,1232.2,0.038,1233.71,0.5
2021-01-23 01:38:18.544771,1232.86,2.76948,1234.18,0.5
2021-01-23 01:38:28.72271,1232.2,0.538,1233.57,1.34093
2021-01-23 01:38:38.950263,1232.2,0.038,1232.83,1.09383
2021-01-23 01:38:49.184716,1231.6,1.10139,1232.83,1.3595
2021-01-23 01:38:59.375321,1231.26,4.13782,1232.82,4.63773
2021-01-23 01:39:09.549138,1232.97,10.82299,1233.67,0.84248
2021-01-23 01:39:19.726159,1231.83,0.89552,1233.14,4.51912
2021-01-23 01:39:29.910041,1231.83,0.88446,1233.05,1.15139
2021-01-23 01:39:40.09579,1231.84,4.13677,1233.04,4.1374
2021-01-23 01:39:50.358922,1232.59,4.13467,1233.66,4.13444
2021-01-23 01:40:00.545576,1231.83,0.88446,1233.24,6.58224
2021-01-23 01:40:10.734327,1233.49,0.85547,1235.03,2.36139
2021-01-23 01:40:20.964745,1235.35,1.03961,1236.65,6.67004
2021-01-23 01:40:31.13693,1235.59,0.09428,1236.64,4.12587
2021-01-23 01:40:41.307872,1235.59,0.09428,1236.45,1.64736
2021-01-23 01:40:51.490487,1235.99,0.9715,1236.73,0.52
2021-01-23 01:41:02.697025,1235.27,0.85536,1236.73,0.52
2021-01-23 01:41:12.912357,1233.44,6.68659,1234.97,4.13174
2021-01-23 01:41:23.08887,1234.21,6.24324,1235.74,4.6292
2021-01-23 01:41:33.308502,1235.62,0.83182,1236.73,0.02
2021-01-23 01:41:43.519673,1236,0.26801,1236.3,4.04726
2021-01-23 01:41:53.707241,1235.07,0.5,1236.31,1.59663
2021-01-23 01:42:03.906028,1235.57,4.6243,1236.85,4.12415
2021-01-23 01:42:14.087328,1237.92,17.66806,1238,7.3
2021-01-23 01:42:24.310495,1237.92,12.28555,1238,6.88161
2021-01-23 01:42:34.486296,1238.99,5.12708,1239,2.19448
2021-01-23 01:42:44.677936,1240.62,15.48524,1242.84,5
2021-01-23 01:42:54.881556,1239.53,6.09624,1241.24,1.53319
2021-01-23 01:43:05.079844,1239.79,0.02,1241.22,0.2417
2021-01-23 01:43:15.268841,1239.79,0.02,1240.58,1.4853
2021-01-23 01:43:25.468015,1240.02,1,1240.49,1.15303
2021-01-23 01:43:35.654178,1238,1.6155,1239.42,0.82421
2021-01-23 01:43:45.860483,1237.48,4.61782,1238.69,4.11811
2021-01-23 01:43:56.054481,1237.21,4.11927,1238.69,4.61811
2021-01-23 01:44:06.263583,1237.61,3.883,1238.95,0.44643
2021-01-23 01:44:16.468245,1238.74,4.11395,1239.56,0.91883
2021-01-23 01:44:26.684772,1238.28,17.03403,1239.64,1.4607
2021-01-23 01:44:36.886559,1237.58,3.32687,1238.58,0.95143
2021-01-23 01:44:47.073449,1236.77,4.61907,1238.12,4.61949
2021-01-23 01:44:57.309648,1238,0.03648,1238.79,1.1179
2021-01-23 01:45:07.505318,1236.77,4.61803,1238.29,4.61911
2021-01-23 01:45:17.965715,1238,0.00886,1238.27,4.62097
2021-01-23 01:45:28.196548,1238,0.00886,1238.25,3.12034
2021-01-23 01:45:38.430193,1236.99,4.12036,1237.99,0.5
2021-01-23 01:45:48.613642,1236.99,4.62036,1238,4.80472
2021-01-23 01:45:58.846067,1236.99,4.62036,1238,5.15329
2021-01-23 01:46:10.215171,1236.99,4.62036,1238,5.15329
2021-01-23 01:46:20.394626,1236.52,17.22877,1237.35,4.12164
2021-01-23 01:46:31.333918,1235.63,3.61403,1237.35,4.11178
2021-01-23 01:46:41.504046,1235.63,3.61403,1236.62,4.12403
2021-01-23 01:46:51.668536,1235.63,3.61403,1236.62,4.10137
2021-01-23 01:47:02.912349,1235.59,0.038,1236.64,1.07788
2021-01-23 01:47:13.069179,1237.84,4.11603,1238.97,1.12817
2021-01-23 01:47:23.245738,1237.04,4.11825,1238.23,1.18757
2021-01-23 01:47:33.406456,1235.71,4.62236,1237.47,1.1756
2021-01-23 01:47:43.687073,1235.71,4.62236,1237.4,4.12262
2021-01-23 01:47:53.853289,1235.11,11.82,1236.77,6.42071
2021-01-23 01:48:04.088623,1235.15,0.24289,1236.8,0.15282
2021-01-23 01:48:14.49094,1236.37,4.12137,1237.26,1.44328
2021-01-23 01:48:25.333082,1235.31,4.20835,1236.8,1.456
2021-01-23 01:48:35.529281,1235.31,4.70802,1236.79,4.20772
2021-01-23 01:48:46.506174,1235.31,4.20802,1236.16,4.20933
2021-01-23 01:48:56.686142,1234.37,4.21036,1236.16,4.70933
2021-01-23 01:49:06.921344,1235.42,0.92347,1236.8,0.956
2021-01-23 01:49:17.098659,1235.43,4.20875,1236.79,4.20783
2021-01-23 01:49:27.238545,1235.93,1.00694,1237.24,0.17924
2021-01-23 01:49:37.423554,1235.55,4.19144,1236.81,0.89226
2021-01-23 01:49:47.607611,1235.55,4.19144,1236.76,4.69305
2021-01-23 01:49:57.849929,1234.95,4.69383,1236.14,0.72497
2021-01-23 01:50:08.098053,1237.57,1.70242,1238.77,1.11966
2021-01-23 01:50:18.313799,1236.57,4.68589,1238.76,0.24218
2021-01-23 01:50:29.130503,1236.57,4.18805,1238.12,4.42983
2021-01-23 01:50:39.343646,1236.58,4.18955,1237.45,0.24243
2021-01-23 01:50:49.470696,1235.81,4.19027,1236.57,0.40171
2021-01-23 01:50:59.72276,1235.81,4.69027,1236.8,0.86358
2021-01-23 01:51:10.433187,1235.6,4.19266,1236.79,4.43459
2021-01-23 01:51:20.604763,1235.09,3.68569,1236.04,0.24271
2021-01-23 01:51:30.799276,1235.19,4.19353,1236.79,0.5
2021-01-23 01:51:41.009117,1235.19,4.69353,1236.56,4.69358
2021-01-23 01:51:51.193502,1235.19,4.19353,1236.13,1.5901
2021-01-23 01:52:01.414565,1235.19,4.69364,1236.04,1.64308
2021-01-23 01:52:11.680832,1235.19,3.94142,1236.04,1.64308
2021-01-23 01:52:21.839878,1234.62,10.59799,1235.83,1.57305
2021-01-23 01:52:32.009648,1233.76,4.19819,1234.3,1.13648
2021-01-23 01:52:42.174575,1232.29,1.18502,1233.59,1.19491
2021-01-23 01:52:52.369561,1232.38,4.20159,1233.27,1.22456
2021-01-23 01:53:02.557012,1232.71,1.00206,1233.27,0.71444
2021-01-23 01:53:12.907545,1233.64,4.19915,1234.98,1.4701
2021-01-23 01:53:23.148344,1233.19,4.20009,1234.94,4.70146
2021-01-23 01:53:33.368027,1232.72,4.20187,1233.72,4.20266
2021-01-23 01:53:43.591886,1232.72,4.20187,1234,0.78433
2021-01-23 01:53:53.809329,1232.72,4.20187,1233.59,1.61407
2021-01-23 01:54:04.010651,1232.19,4.20358,1233.58,4.20266
2021-01-23 01:54:14.287395,1231.73,4.70442,1232.82,0.92532
2021-01-23 01:54:24.503076,1231.72,0.34577,1233.58,4.20266
2021-01-23 01:54:34.682502,1231.65,4.1907,1232.82,4.43475
2021-01-23 01:54:44.882009,1231.11,4.19111,1232.27,4.69175
2021-01-23 01:54:55.070798,1231.11,3.90678,1232.83,4.68953
2021-01-23 01:55:05.415875,1232.24,0.90712,1233.28,4.18871
2021-01-23 01:55:15.660532,1231.39,4.69004,1232.5,4.19047
2021-01-23 01:55:25.890006,1231.39,4.19176,1232.51,1.59081
2021-01-23 01:55:36.102855,1231.39,4.69176,1232.5,4.19045
2021-01-23 01:55:46.345073,1231.11,7.35,1232.46,6.37806
2021-01-23 01:55:56.59708,1231.11,4.30825,1231.66,4.09823
2021-01-23 01:56:06.842708,1229.96,4.69597,1231.68,0.91658
2021-01-23 01:56:17.077341,1231.23,4.19155,1232.92,1.33703
2021-01-23 01:56:27.415005,1231.4,4.18978,1232.87,4.19085
2021-01-23 01:56:37.609643,1231.4,4.18978,1232.86,4.18935
2021-01-23 01:56:47.818194,1231.4,4.18978,1232.85,4.19031
2021-01-23 01:56:58.037688,1231.4,4.68978,1232.32,4.19103
2021-01-23 01:57:08.23034,1231.24,4.21045,1232.33,0.88947
2021-01-23 01:57:18.411174,1231.38,4.68935,1233.04,4.93256
2021-01-23 01:57:28.603377,1231.38,4.23759,1233.04,4.93256
2021-01-23 01:57:38.809895,1233.26,4.18442,1234.35,0.92895
2021-01-23 01:57:49.043211,1232.66,4.18684,1233.72,4.68696
2021-01-23 01:57:59.236661,1231.33,3.49554,1233.09,0.51807
2021-01-23 01:58:09.451179,1231.91,4.68846,1233.08,0.5
2021-01-23 01:58:19.714152,1232.33,0.0186,1233.09,0.51807
2021-01-23 01:58:29.947142,1233.45,4.18291,1234.97,1.30148
2021-01-23 01:58:40.152528,1233.52,4.18356,1234.88,1.4564
2021-01-23 01:58:50.363416,1232.68,0.5,1233.95,0.82286
2021-01-23 01:59:00.569468,1232.67,0.11476,1233.94,3.79863
2021-01-23 01:59:10.793561,1232.24,4.1877,1233.41,4.68873
2021-01-23 01:59:21.01802,1233.11,0.02196,1233.95,0.82286
2021-01-23 01:59:31.311573,1233,2.53555,1233.16,1.60177
2021-01-23 01:59:41.563971,1231.92,4.18886,1234.38,6.14864
2021-01-23 01:59:51.769839,1231.92,4.18886,1233.71,4.17222
2021-01-23 02:00:02.029545,1233.38,1.73019,1233.86,1.1277
2021-01-23 02:00:12.237244,1231.23,4.16001,1231.5,1.77643
2021-01-23 02:00:22.465812,1232.01,0.85105,1233.26,1.0922
2021-01-23 02:00:32.736313,1232.05,4.00924,1233.26,1.5922
2021-01-23 02:00:42.949333,1232.22,0.01867,1232.71,2.08864
2021-01-23 02:00:53.182285,1231.79,0.01609,1231.8,0.88063
2021-01-23 02:01:03.341462,1230.72,2.07662,1231.51,1.46028
2021-01-23 02:01:13.558934,1230.61,0.02,1231.5,4.17897
2021-01-23 02:01:23.941366,1230.92,0.08725,1232,4.17688
2021-01-23 02:01:34.129534,1230.77,4.17727,1232,0.5
2021-01-23 02:01:44.290645,1231.06,1.34664,1232.01,3.70622
2021-01-23 02:01:54.457419,1232.11,0.89689,1233.26,1.5922
2021-01-23 02:02:04.649302,1231.54,4.17395,1232.55,1.13234
2021-01-23 02:02:14.826629,1231.56,4.12012,1232.48,0.85401
2021-01-23 02:02:25.140872,1232.69,0.94879,1234.07,3.66791
2021-01-23 02:02:35.307485,1233.87,4.16737,1234.9,3.656
2021-01-23 02:02:45.489727,1234.79,2.87022,1235.59,0.538
2021-01-23 02:02:55.661496,1235.55,4.66163,1236.52,4.16148
2021-01-23 02:03:05.848652,1234.92,3.21419,1236.04,0.73387
2021-01-23 02:03:16.005101,1237.67,2.71836,1238.98,0.038
2021-01-23 02:03:26.357137,1238.83,1.26019,1239.39,4.15246
2021-01-23 02:03:36.574874,1237.79,3.6521,1239.39,4.15246
2021-01-23 02:03:46.821619,1238.01,4.15127,1239.4,1.16988
2021-01-23 02:03:57.056486,1238.77,4.11976,1239.78,0.24198
2021-01-23 02:04:07.284263,1237.49,2.7444,1238.72,1.11306
2021-01-23 02:04:17.508101,1237.33,3.5736,1238.72,1.11306
2021-01-23 02:04:27.760047,1237.94,4.6215,1239.37,4.12187
2021-01-23 02:04:37.935046,1237.37,3.5861,1238.7,4.12505
2021-01-23 02:04:48.127747,1236.39,4.10853,1237.79,0.80709
2021-01-23 02:04:58.342687,1235.7,5.04484,1237.11,0.92271
2021-01-23 02:05:08.555714,1235.68,4.61,1237.14,0.85478
2021-01-23 02:05:18.794657,1235.14,4.11332,1236.43,6.83496
2021-01-23 02:05:28.927795,1235.35,0.91038,1236.44,4.1123
2021-01-23 02:05:39.112602,1235.01,4.61373,1235.59,3.28276
2021-01-23 02:05:49.33717,1235.01,4.06488,1236.44,4.61311
2021-01-23 02:05:59.555903,1235.01,4.11391,1236.43,4.11359
2021-01-23 02:06:09.728225,1235.01,4.11391,1235.81,0.5
2021-01-23 02:06:19.876876,1235.32,4.61183,1237.1,4.61208
2021-01-23 02:06:30.11793,1235.51,4.61182,1236.5,0.5
2021-01-23 02:06:40.379346,1237.59,3.17607,1238.98,0.038
2021-01-23 02:06:50.585787,1238.4,3.5861,1238.98,0.038
2021-01-23 02:07:00.792484,1239.91,4.09656,1241.2,0.07263
2021-01-23 02:07:11.038944,1240.88,8.96124,1242.14,0.00722
2021-01-23 02:07:21.239163,1242.22,4.08974,1243.59,4.09024
2021-01-23 02:07:31.466666,1240.89,4.96877,1242.16,7.3
2021-01-23 02:07:41.656833,1240.29,29.8638,1242.16,7.3
2021-01-23 02:07:51.890118,1240.24,0.26575,1240.96,0.98563
2021-01-23 02:08:02.084348,1238.5,4.60065,1240.28,4.10266
2021-01-23 02:08:12.305664,1237.75,3.55318,1238.84,1.43162
2021-01-23 02:08:22.51086,1237.15,1.61561,1238.22,1.34343
2021-01-23 02:08:32.800943,1237.05,0.0675,1237.6,1.61704
2021-01-23 02:08:43.004387,1237.05,0.0675,1237.58,0.51146
2021-01-23 02:08:53.216503,1236.73,0.02,1237.4,1.39611
2021-01-23 02:09:03.470872,1238.13,2.11452,1239.62,3.49149
2021-01-23 02:09:13.765606,1237.45,1.04993,1238.5,1.17357
2021-01-23 02:09:23.978919,1236.95,4.1064,1237.86,4.1075
2021-01-23 02:09:34.255576,1236.13,1.25762,1237.62,2.11691
2021-01-23 02:09:44.414409,1236.67,1.61668,1237.24,0.24248
2021-01-23 02:09:54.595129,1236.16,5.72661,1237.24,0.24248
2021-01-23 02:10:04.857643,1236.16,6.22661,1237.21,4.6093
2021-01-23 02:10:15.138056,1236.55,1.61689,1237.25,1.14367
2021-01-23 02:10:25.378066,1236.97,0.82264,1237.74,1.61649
2021-01-23 02:10:35.607001,1237.16,1.61587,1238.01,4.10675
2021-01-23 02:10:45.817487,1236.75,4.108,1237.66,1.07625
2021-01-23 02:10:55.996522,1236.75,4.108,1237.6,1.61657
2021-01-23 02:11:06.253936,1235.53,6.75358,1236.47,0.24263
2021-01-23 02:11:16.516582,1233.73,1.6203,1235.01,1.65403
2021-01-23 02:11:26.742103,1234.38,3.6111,1234.96,1.08518
2021-01-23 02:11:37.021227,1234.2,4.11591,1234.95,0.5
2021-01-23 02:11:47.246723,1233.85,4.11785,1234.94,0.74293
2021-01-23 02:11:57.454609,1233.46,4.11815,1234.18,1.35823
2021-01-23 02:12:07.683735,1234,4.11629,1235.92,2.77083
2021-01-23 02:12:17.877594,1234.58,4.1024,1235.46,1.61981
2021-01-23 02:12:28.086267,1233.89,1.62035,1234.76,4.36108
2021-01-23 02:12:38.324669,1234.33,4.41005,1235.04,1.57722
2021-01-23 02:12:48.541724,1233.8,4.1178,1235.03,4.11783
2021-01-23 02:12:58.811845,1233.18,1.62118,1234.18,4.61954
2021-01-23 02:13:08.957863,1233.95,4.11633,1235.04,1.07722
2021-01-23 02:13:19.15935,1234.18,2.40385,1234.79,1.62067
2021-01-23 02:13:29.424059,1234.18,2.40385,1234.19,5.45691
2021-01-23 02:13:39.616425,1233.14,1.62154,1234.15,1.62142
2021-01-23 02:13:49.82377,1233.11,4.12048,1233.76,0.43975
2021-01-23 02:14:00.031953,1233.11,4.12048,1233.76,0.43975
2021-01-23 02:14:10.248451,1233.73,1.00425,1235.54,0.5
2021-01-23 02:14:20.479158,1233.5,3.26592,1234.8,4.11796
2021-01-23 02:14:30.721397,1233.04,4.38721,1234.59,1.62098
2021-01-23 02:14:40.955076,1233.11,4.11994,1234.23,4.12003
2021-01-23 02:14:51.244059,1233,0.00973,1233.31,4.12271
2021-01-23 02:15:01.427434,1232.21,5.12917,1233,2.09977
2021-01-23 02:15:11.623338,1233.73,2.65926,1235.37,1.62013
2021-01-23 02:15:21.80692,1233.16,3.73498,1234.62,4.10416
2021-01-23 02:15:31.988707,1232.88,4.10507,1233.18,24.8145
2021-01-23 02:15:42.263791,1232.88,4.10507,1233.18,8.36032
2021-01-23 02:15:52.443164,1232.82,4.1066,1233.18,2.51083
2021-01-23 02:16:02.618519,1232.92,4.10474,1233.95,1.08183
2021-01-23 02:16:12.7821,1232.31,4.10647,1233.64,1.62183
2021-01-23 02:16:23.00243,1232.31,4.60647,1232.92,14.45877
2021-01-23 02:16:33.293245,1232.31,4.60647,1232.92,14.45877
2021-01-23 02:16:43.591312,1232.41,4.1068,1232.92,14.45877
2021-01-23 02:16:53.810668,1232.41,4.1068,1232.92,14.45877
2021-01-23 02:17:04.020392,1233.46,6.26309,1235.18,2.89848
2021-01-23 02:17:14.227926,1232.51,4.10708,1233.71,1.62176
2021-01-23 02:17:24.466034,1231.39,4.11122,1232.21,1.62389
2021-01-23 02:17:34.68662,1228.57,1.44995,1230,3.2028
2021-01-23 02:17:44.96734,1228.54,6.17118,1230.27,8.31188
2021-01-23 02:17:55.20853,1227.58,4.122,1229.01,2.12824
2021-01-23 02:18:05.43758,1228.36,4.11979,1229.41,0.48954
2021-01-23 02:18:15.686663,1228.07,4.14924,1229.12,7.88617
2021-01-23 02:18:25.891641,1226.41,5.38767,1227.8,1.6294
2021-01-23 02:18:36.090758,1224.48,0.02,1225.89,1
2021-01-23 02:18:46.290755,1224.89,1.53094,1226.18,0.89078
2021-01-23 02:18:56.497933,1223.04,3.24669,1224.7,1.38146
2021-01-23 02:19:06.83919,1223.28,4.13752,1224.46,1.63374
2021-01-23 02:19:17.084936,1223.38,4.1248,1224.48,0.5618
2021-01-23 02:19:27.301917,1223.04,3.24669,1224.49,0.97365
2021-01-23 02:19:37.486873,1224.21,1.63291,1224.84,0.01461
2021-01-23 02:19:47.763803,1223.98,1.63315,1224.63,4.10204
2021-01-23 02:19:58.006626,1223.48,6.86638,1224.32,1.63403
2021-01-23 02:20:08.198954,1223.24,1.63419,1224.1,4.10282
2021-01-23 02:20:18.400381,1222.52,1.635,1223.36,3.3878
2021-01-23 02:20:28.61924,1219.99,0.0697,1221.55,1.63823
2021-01-23 02:20:38.803252,1219.99,0.0697,1221.38,1.63832
2021-01-23 02:20:49.054045,1221.52,0.5,1222.76,4.08718
2021-01-23 02:20:59.268003,1221.32,1.63672,1222.32,4.08785
2021-01-23 02:21:09.496661,1222.55,1.63492,1223.52,1.63543
2021-01-23 02:21:19.679574,1222.68,1.63484,1224.18,4.08213
2021-01-23 02:21:29.867368,1224.97,0.05101,1227.07,4.07216
2021-01-23 02:21:40.096526,1224.48,0.05374,1225.79,1.63297
2021-01-23 02:21:50.333731,1223.18,4.08033,1224.41,1.1521
2021-01-23 02:22:00.564818,1223.38,1.63384,1224.37,4.08021
2021-01-23 02:22:10.760657,1224.13,4.0775,1225.42,4.5774
2021-01-23 02:22:20.985163,1224.1,2.48548,1225.28,1.63318
2021-01-23 02:22:31.246125,1224.41,4.07684,1225.53,4.57651
2021-01-23 02:22:41.571668,1223.88,1.63329,1224.72,0.70001
2021-01-23 02:22:51.833928,1223.69,2.13358,1224.64,4.07907
2021-01-23 02:23:02.034733,1223.64,1.56562,1224.69,4.07908
2021-01-23 02:23:12.236617,1222.63,1.63416,1223.84,4.08322
2021-01-23 02:23:22.443487,1222.04,4.0838,1223.24,4.08433
2021-01-23 02:23:32.609203,1222.74,0.90357,1223.68,4.58265
2021-01-23 02:23:42.797693,1222.47,1.63508,1223.81,3.54855
2021-01-23 02:23:53.119897,1222.14,1.7996,1223.21,1.63565
2021-01-23 02:24:03.363088,1223.6,1.6338,1224.5,1.6339
2021-01-23 02:24:13.571251,1222.03,4.08456,1223.28,4.08363
2021-01-23 02:24:23.855259,1220.88,1.1962,1221.95,1.48701
2021-01-23 02:24:34.078771,1219.15,1.02951,1220.96,6.0006
2021-01-23 02:24:44.328774,1220.3,0.98305,1221.2,6.21835
2021-01-23 02:24:54.567907,1219.98,1.19176,1220.87,1.63907
2021-01-23 02:25:04.775448,1219.85,4.09209,1220.88,4.09272
2021-01-23 02:25:14.981168,1217,5.31325,1218.78,0.5
2021-01-23 02:25:25.186317,1217.17,0.5,1218.84,1.64236
2021-01-23 02:25:35.402673,1217.82,0.97278,1218.79,26.29302
2021-01-23 02:25:45.593629,1219.46,4.07673,1220.13,0.24588
2021-01-23 02:25:55.865768,1219.8,3.62103,1221.01,4.07596
2021-01-23 02:26:06.0712,1219.74,1.63886,1220.97,4.0771
2021-01-23 02:26:16.283313,1219.89,1.63889,1220.64,0.5
2021-01-23 02:26:26.467338,1219.92,4.07561,1220.85,1.63883
2021-01-23 02:26:36.671865,1219.9,1.63878,1220.82,1.63882
2021-01-23 02:26:46.870954,1219.91,4.07527,1221.02,0.61114
2021-01-23 02:26:57.117956,1220.97,1.63751,1221.75,4.57301
2021-01-23 02:27:07.345898,1221.59,1.63646,1222.03,0.038
2021-01-23 02:27:17.54442,1223.08,0.5,1224.3,1.63463
2021-01-23 02:27:27.745504,1223.09,4.0647,1224.28,4.06552
2021-01-23 02:27:38.031356,1223.54,0.87961,1224.75,15.45428
2021-01-23 02:27:48.219299,1223.54,0.87961,1225.07,1.6333
2021-01-23 02:27:58.549081,1222.23,1.6352,1223.55,6.35446
2021-01-23 02:28:08.810207,1221.39,1.97798,1222.88,4.06974
2021-01-23 02:28:19.028834,1221.83,0.9727,1223.31,4.06977
2021-01-23 02:28:29.246469,1222.67,1.30821,1223.65,5.74872
2021-01-23 02:28:39.453022,1222.81,1.44137,1223.54,1.63501
2021-01-23 02:28:49.662529,1222.84,0.94301,1223.53,0.5
2021-01-23 02:28:59.999605,1222.85,4.06635,1224.1,1.63412
2021-01-23 02:29:10.235767,1222.99,4.73041,1224.16,0.74507
2021-01-23 02:29:20.510763,1223.19,4.23039,1223.92,4.23061
2021-01-23 02:29:30.79456,1222.49,4.23194,1223.5,0.86367
2021-01-23 02:29:41.043274,1222.59,2.13495,1223.74,1.63468
2021-01-23 02:29:51.301684,1222.15,4.23409,1222.81,1.63592
2021-01-23 02:30:01.554917,1222.35,0.98395,1222.84,3.37181
2021-01-23 02:30:11.755039,1222.84,65.67753,1224.16,0.24507
2021-01-23 02:30:21.972076,1222.85,4.22996,1223.7,2.13465
2021-01-23 02:30:32.424885,1223.2,5.86384,1224.11,1.63409
2021-01-23 02:30:42.573939,1223.2,7.27996,1224.3,1.63378
2021-01-23 02:30:52.795321,1222.85,4.21473,1224.05,4.21383
2021-01-23 02:31:03.053973,1223.55,1.63406,1224.36,1.03089
2021-01-23 02:31:13.27247,1224.36,65.59599,1224.48,0.02
2021-01-23 02:31:23.475561,1225.12,1.63167,1226.06,4.2072
2021-01-23 02:31:33.660298,1224.8,1.63214,1225.88,1.63214
2021-01-23 02:31:43.964648,1225.44,1.63113,1226.94,4.38847
2021-01-23 02:31:54.154089,1226.07,18.15334,1226.32,1.05143
2021-01-23 02:32:04.398084,1225,1,1225.37,10.70204
2021-01-23 02:32:15.010446,1223.58,4.2114,1224.48,0.245
2021-01-23 02:32:25.207781,1224,8.62609,1224.48,0.5
2021-01-23 02:32:35.402495,1224,8.62609,1224.65,6.71256
2021-01-23 02:32:45.598291,1223.01,1.63463,1224.12,1.63451
2021-01-23 02:32:55.807593,1222.48,5.79653,1223.78,1.51081
2021-01-23 02:33:06.081176,1222.6,1.63511,1223.57,2.1352
2021-01-23 02:33:16.306394,1222.22,2.55377,1223.06,2.13574
2021-01-23 02:33:26.590607,1222.03,4.75533,1223.05,4.21719
2021-01-23 02:33:36.805691,1222.5,1.63542,1223.14,4.2169
2021-01-23 02:33:47.021947,1223.51,1.63372,1224.77,1.07684
2021-01-23 02:33:57.219714,1224.57,1.63249,1225.96,1.18942
2021-01-23 02:34:07.531392,1225.7,4.20403,1226.55,0.90166
2021-01-23 02:34:17.795259,1224.45,1.63262,1225.41,0.9813
2021-01-23 02:34:27.993776,1224.54,4.20742,1225.36,0.9807
2021-01-23 02:34:38.193785,1223.31,1.63406,1224.89,11.15132
2021-01-23 02:34:48.385917,1223.63,1.63363,1224.5,1.0952
2021-01-23 02:34:58.726172,1223.03,4.17886,1224.44,4.17866
2021-01-23 02:35:08.974077,1223.61,0.5,1224.93,6.45674
2021-01-23 02:35:19.199915,1223.02,0.80198,1224.63,4.17813
2021-01-23 02:35:29.400052,1223.12,1.81377,1224.48,4.17936
2021-01-23 02:35:39.651767,1223.44,4.17881,1224.35,1.63412
2021-01-23 02:35:49.84315,1223.44,4.17881,1224.5,6.63849
2021-01-23 02:36:00.004224,1223.51,4.16398,1224.48,4.16358
2021-01-23 02:36:10.202775,1224.48,7.49616,1224.94,1.63336
2021-01-23 02:36:20.393754,1224.48,1.67336,1225.11,4.1623
2021-01-23 02:36:30.610924,1223.94,1.63283,1224.64,1.19018
2021-01-23 02:36:40.857279,1223.67,1.2,1225.36,0.9807
2021-01-23 02:36:51.256491,1225.01,1.63194,1225.85,4.15942
2021-01-23 02:37:01.47417,1225.01,4.15894,1226.18,4.15894
2021-01-23 02:37:11.745911,1226,3.25841,1227.25,1.18206
2021-01-23 02:37:22.012049,1225.73,5.6534,1226.83,1.63089
2021-01-23 02:37:32.249554,1223.14,1.81387,1224.49,0.95627
2021-01-23 02:37:42.479966,1223.43,5.66402,1224.65,1.47288
2021-01-23 02:37:52.708737,1223.15,4.66187,1224.55,0.5
2021-01-23 02:38:02.936065,1222.44,1.63535,1223.55,1.63535
2021-01-23 02:38:13.136439,1222.41,0.5,1223.76,1.63518
2021-01-23 02:38:23.313774,1222.03,0.038,1223.07,1.63595
2021-01-23 02:38:33.625799,1222.03,0.038,1223.02,4.66899
2021-01-23 02:38:43.806091,1220,0.81971,1221.23,2.13851
2021-01-23 02:38:54.009775,1221.62,0.81251,1222.61,4.1621
2021-01-23 02:39:04.208527,1220.9,4.67282,1222.04,4.67295
2021-01-23 02:39:14.481517,1220.49,4.17383,1221.82,1.63783
2021-01-23 02:39:24.900853,1221.02,1.63752,1221.95,14.81624
2021-01-23 02:39:35.10987,1221.03,3.5861,1222.33,1.75171
2021-01-23 02:39:45.299204,1221.78,1.01604,1222.76,1.63642
2021-01-23 02:39:55.489321,1221.78,1.01604,1222.8,4.16976
2021-01-23 02:40:06.004332,1221.59,1.62652,1222.47,4.67179
2021-01-23 02:40:16.30941,1222.41,4.1665,1223.67,2.61177
2021-01-23 02:40:26.528784,1223.9,2.13334,1224.94,4.16312
2021-01-23 02:40:36.76542,1223.78,1.65997,1224.64,9.23482
2021-01-23 02:40:46.93852,1223.8,1.7,1225.28,4.66219
2021-01-23 02:40:57.104846,1224.25,2.13315,1225.1,4.66208
2021-01-23 02:41:07.382738,1224.29,1.63294,1225.17,1.63321
2021-01-23 02:41:18.076423,1224.42,0.82478,1225.41,4.17797
2021-01-23 02:41:28.255635,1223.09,4.18296,1224.12,4.18294
2021-01-23 02:41:38.455044,1224.68,0.5,1225.42,0.07893
2021-01-23 02:41:48.668601,1225.01,4.17657,1225.42,0.07893
2021-01-23 02:41:58.7921,1225.42,0.02041,1226.42,4.67558
2021-01-23 02:42:08.992439,1224.28,1.2,1225.01,1.63306
2021-01-23 02:42:20.310117,1223.26,1.95044,1223.91,1.63481
2021-01-23 02:42:30.485226,1223.61,1.18197,1225.04,2.7933
2021-01-23 02:42:40.656608,1223.61,1.68197,1224.69,6.56653
2021-01-23 02:42:51.145198,1223.2,4,1223.77,1.63482
2021-01-23 02:43:01.446469,1222.25,1.63546,1223.5,1.00562
2021-01-23 02:43:11.627475,1222.03,0.538,1223.25,0.5
2021-01-23 02:43:22.342777,1221.31,0.40153,1221.85,0.96439
2021-01-23 02:43:32.554195,1220,0.81971,1220.78,4.19411
2021-01-23 02:43:42.748244,1218.64,0.038,1219.31,1.64148
2021-01-23 02:43:53.045364,1216.77,3.04837,1217.89,4.20559
2021-01-23 02:44:03.351954,1215.55,0.5,1216,3.09255
2021-01-23 02:44:13.543605,1216.05,1.64329,1217.33,0.87478
2021-01-23 02:44:23.801849,1216.4,4.70524,1217.4,4.20622
2021-01-23 02:44:34.003495,1214.36,1.03832,1215.19,6.9951
2021-01-23 02:44:44.202311,1212.97,1.15941,1214.41,4.21682
2021-01-23 02:44:54.420601,1212.52,0.60311,1213.98,0.23904
2021-01-23 02:45:04.802224,1213,0.04,1213.59,0.84044
2021-01-23 02:45:15.006518,1214.7,0.90526,1215,0.68733
2021-01-23 02:45:25.974095,1214.7,0.90526,1215.6,1
2021-01-23 02:45:36.169023,1214.13,1.64642,1215.45,1
2021-01-23 02:45:47.395916,1215.74,1.64466,1216.54,0.83789
2021-01-23 02:45:57.582676,1215.37,0.04,1216.14,6.54211
2021-01-23 02:46:07.797201,1215.37,1,1216.26,1
2021-01-23 02:46:18.022091,1214.11,1.64631,1215.28,1
2021-01-23 02:46:28.39298,1215.66,1.16591,1216.87,4.20727
2021-01-23 02:46:38.603146,1216.33,1.64355,1217.36,6.83378
2021-01-23 02:46:48.818466,1217.06,1.5759,1217.84,4.20484
2021-01-23 02:46:59.035722,1217.76,2.14151,1218.6,6.08374
2021-01-23 02:47:09.24341,1214.74,1.64536,1216.04,1
2021-01-23 02:47:19.472765,1213.38,1.64696,1215.11,4.08289
2021-01-23 02:47:29.760733,1213.9,1.1284,1215.1,2.62458
2021-01-23 02:47:39.974953,1215.37,1.69323,1216.43,13.95977
2021-01-23 02:47:50.185328,1216.18,0.85397,1216.99,1.18142
2021-01-23 02:48:00.38111,1215.83,2.14413,1216.79,4.20788
2021-01-23 02:48:10.601128,1216.41,2.14341,1217.27,1
2021-01-23 02:48:20.793653,1215.36,1.64497,1216.32,1
2021-01-23 02:48:31.082561,1215.91,1.64429,1216.7,0.9036
2021-01-23 02:48:41.30212,1216.32,1.64379,1217.05,4.2075
2021-01-23 02:48:51.614652,1217.89,1.0969,1218.6,6.61926
2021-01-23 02:49:01.840534,1217.57,1.18351,1218.64,0.038
2021-01-23 02:49:12.053445,1218.62,1.64024,1219.59,1
2021-01-23 02:49:22.362612,1219.5,2.1392,1220.36,4.19555
2021-01-23 02:49:32.589496,1219.23,0.99643,1219.83,4.19899
2021-01-23 02:49:42.853814,1219.72,1.63878,1220.18,4.19627
2021-01-23 02:49:53.062189,1219.72,2.13878,1220.78,4.19536
2021-01-23 02:50:03.24621,1219.97,1.63874,1220.48,4.17122
2021-01-23 02:50:13.450058,1219.3,2.13957,1220.27,4.26583
2021-01-23 02:50:23.637826,1218.67,0.5,1219.42,1.64054
2021-01-23 02:50:33.849472,1219.49,0.5,1220.13,4.26541
2021-01-23 02:50:44.044935,1220.03,1.6385,1221.34,5.99743
2021-01-23 02:50:54.915887,1221.11,0.01637,1221.86,4.23934
2021-01-23 02:51:05.153466,1221.05,1.03486,1221.99,4.23729
2021-01-23 02:51:15.349637,1220.82,1.63726,1221.78,4.23866
2021-01-23 02:51:25.562382,1221.1,1.16477,1221.37,1.63828
